@inproceedings{ahmed_testedness,
author = {Ahmed, Iftekhar and Gopinath, Rahul and Brindescu, Caius and Groce, Alex and Jensen, Carlos},
title = {Can Testedness Be Effectively Measured?},
booktitle = {Proceedings of the 2016 24th ACM SIGSOFT International Symposium on Foundations of Software Engineering},
series = {FSE 2016},
year = {2016},
isbn = {978-1-4503-4218-6},
location = {Seattle, WA, USA},
pages = {547--558},
numpages = {12},
url = {http://doi.acm.org/10.1145/2950290.2950324},
doi = {10.1145/2950290.2950324},
acmid = {2950324},
publisher = {ACM},
address = {New York, NY, USA},
keywords = {coverage criteria, mutation testing, statistical analysis, test suite evaluation},
}

@book{Popper,
  author = "Karl Popper",
  title = "The Logic of Scientific Discovery",
  year = 1959,
  publisher = "Hutchinson",
  city = "London"
  }


@book{popperconjectures,
  title={Conjectures and Refutations: The Growth of Scientific Knowledge},
  author={Popper, Karl},
  year = 1963
  }

@article{lakatos,
  title={The role of crucial experiments in science},
  author={Lakatos, Imre},
  journal={Studies in History and Philosophy of Science Part A},
  volume={4},
  number={4},
  pages={309--325},
  year={1974},
  publisher={Elsevier}
}


@article{gopinath2017mutation,
  title={Mutation reduction strategies considered harmful},
  author={Gopinath, Rahul and Ahmed, Iftekhar and Alipour, Mohammad Amin and Jensen, Carlos and Groce, Alex},
  journal={IEEE Transactions on Reliability},
  volume={66},
  number={3},
  pages={854--874},
  year={2017},
  publisher={IEEE}
}

@InProceedings{Liu06,
  author =       "Liu, Chao and Han, Jiawei",
  title =        "Failure proximity: a fault localization-based approach",
  booktitle =    "Foundations of Software Engineering",
  year =         "2006",
  pages =        "46--56"
} 


@Inproceedings{VangalaDist,
  author =       "Vangala, Vipindeep and Czerwonka, Jacek and Talluri, Phani",
  title =        "Test case comparison and clustering using program profiles and static execution",
  booktitle =    "ESEC/FSE",
  year =         "2009",
  pages =        "293--294"}



@inproceedings{ChakiLev,
  author = "Sagar Chaki and Alex Groce and Ofer Strichman",
  title = "Explaining Abstract Counterexamples",
  booktitle = "Foundations of Software Engineering",
  year = 2004,
  pages = "73--82"
}


@inproceedings{distMut,
  author = "Josie Holmes and Alex Groce",
  title = "Causal Distance-Metric-Based Assistance for Debugging After Compiler Fuzzing",
  booktitle = "IEEE International Symposium on Software Reliability Engineering",
  year = 2018
  }

@inproceedings{SemCrash,
 author = {van Tonder, Rijnard and Kotheimer, John and Le Goues, Claire},
 title = {Semantic Crash Bucketing},
 booktitle = {Proceedings of the 33rd ACM/IEEE International Conference on Automated Software Engineering},
 series = {ASE 2018},
 year = {2018},
 isbn = {978-1-4503-5937-5},
 location = {Montpellier, France},
 pages = {612--622},
 numpages = {11},
 url = {http://doi.acm.org/10.1145/3238147.3238200},
 doi = {10.1145/3238147.3238200},
 acmid = {3238200},
 publisher = {ACM},
 address = {New York, NY, USA},
 keywords = {Automated Bug Fixing, Bug Triage, Crash Bucketing, Fuzzing, Program Transformation},
} 


@inproceedings{papadakis2018mutation,
  title={Are mutation scores correlated with real fault detection? a large scale empirical study on the relationship between mutants and real faults},
  author={Papadakis, Mike and Shin, Donghwan and Yoo, Shin and Bae, Doo-Hwan},
  booktitle={40th International Conference on Software Engineering, May 27-3 June 2018, Gothenburg, Sweden},
  year={2018},
  pages ={537--548}
}

@article{MutChoice,
 author = {Gopinath, Rahul and Ahmed, Iftekhar and Alipour, Mohammad Amin and Jensen, Carlos and Groce, Alex},
 title = {Does Choice of Mutation Tool Matter?},
 journal = {Software Quality Journal},
 issue_date = {September 2017},
 volume = {25},
 number = {3},
 month = sep,
 year = {2017},
 issn = {0963-9314},
 pages = {871--920},
 numpages = {50},
 url = {https://doi.org/10.1007/s11219-016-9317-7},
 doi = {10.1007/s11219-016-9317-7},
 acmid = {3129062},
 publisher = {Kluwer Academic Publishers},
 address = {Hingham, MA, USA},
 keywords = {Empirical analysis, Mutation analysis, Software testing},
} 


@inproceedings{DeepState,
  author = "Peter Goodman and Alex Groce",
  year = 2018,
  title = "{DeepState}: Symbolic Unit Testing for {C} and {C++}",
  booktitle = "NDSS Workshop on Binary Analysis Research"
  }

@misc{muupi,
  title = {muupi Mutation Tool},
  author = "Xin Liu",
  howpublished = "{https://github.com/apepkuss/muupi}"
  }

@inproceedings{le2014mucheck,
  title={{MuCheck}: An Extensible Tool for Mutation Testing of {Haskell} Programs},
  author={Le, Duc and Alipour, Mohammad Amin and Gopinath, Rahul and Groce, Alex},
  booktitle={Proceedings of the 2014 International Symposium on Software Testing and Analysis},
  pages={429--432},
  year={2014},
  organization={ACM}
}



@inproceedings{DeepStateTutorial,
  author = "Peter Goodman and Gustavo Greico and Alex Groce",
  year = 2018,
  title = "Tutorial: {DeepState}: Bringing Vulnerability Detection Tools into
the Development Cycle",
  booktitle = "IEEE Cybersecurity Development Conference (SECDEV)",
  year = 2018
  }

@INPROCEEDINGS{Minicrowd, 
author={A. Shinsel and T. Kulesza and M. Burnett and W. Curran and A. Groce and S. Stumpf and W. Wong}, 
booktitle={2011 IEEE Symposium on Visual Languages and Human-Centric Computing (VL/HCC)}, 
title={Mini-crowdsourcing end-user assessment of intelligent assistants: A cost-benefit study}, 
year={2011}, 
volume={}, 
number={}, 
pages={47-54}, 
keywords={cost-benefit analysis;intelligent design assistants;program testing;mini-crowdsourcing end-user assessment;intelligent assistants;cost-benefit study;systematic assessment;mini-crowd size;diminishing returns;cost-benefit ratio;Reliability;Software;Software testing;Systematics;Analysis of variance;Educational institutions;end-user programming;testing;crowdsourcing;machine learning}, 
doi={10.1109/VLHCC.2011.6070377}, 
ISSN={1943-6106}, 
month={Sept},}

@inproceedings{Segal,
 author = {Segal, Judith},
 title = {Some Problems of Professional End User Developers},
 booktitle = {Proceedings of the IEEE Symposium on Visual Languages and Human-Centric Computing},
 series = {VLHCC '07},
 year = {2007},
 isbn = {0-7695-2987-9},
 pages = {111--118},
 numpages = {8},
 url = {http://dx.doi.org/10.1109/VLHCC.2007.50},
 doi = {10.1109/VLHCC.2007.50},
 acmid = {1308309},
 publisher = {IEEE Computer Society},
 address = {Washington, DC, USA},
} 

@misc{deepstaterepo,
  author = "{Trail of Bits}",
  title = "{DeepState}: A unit test-like interface for fuzzing and symbolic execution",
  howpublished = "\url{https://github.com/trailofbits/deepstate}",
  year = 2018
  }

@inproceedings{GopinathMutants,
 author = {Gopinath, Rahul and Jensen, Carlos and Groce, Alex},
 title = {Mutations: How Close Are They to Real Faults?},
 booktitle = {International Symposium on Software Reliability Engineering},
 year = {2014},
 pages = {189--200}
} 

@misc{hypheaps,
author = "David R. MacIver",
title = "Rule Based Stateful Testing",
howpublished = "\url{http://hypothesis.works/articles/rule-based-stateful-testing/}",
year = 2016,
month = "April"
}

@misc{Hypothesis,
author = "David R. MacIver",
title = "Hypothesis: Test faster, fix more",
howpublished = "\url{http://hypothesis.works/}",
year = 2013,
month = "March"
}

@InProceedings{PROPER,
author = "Manolis Papadakis and Konstantinos Sagonas",
title  = "A {PropEr} Integration of Types and Function Specifications
        with Property-Based Testing",
pages  = "39--50",
booktitle = "Proceedings of the 2011 ACM SIGPLAN Erlang Workshop",
month  = sep,
year   = "2011",
address = "New York, NY",
publisher = "ACM Press"
}

@inproceedings{Agrawal:1994:DSB:174675.175935,
 author = {Agrawal, Hiralal},
 title = {Dominators, Super Blocks, and Program Coverage},
 booktitle = {Proceedings of the 21st ACM SIGPLAN-SIGACT Symposium on Principles of Programming Languages},
 series = {POPL '94},
 year = {1994},
 isbn = {0-89791-636-0},
 location = {Portland, Oregon, USA},
 pages = {25--34},
 numpages = {10},
 url = {http://doi.acm.org/10.1145/174675.175935},
 doi = {10.1145/174675.175935},
 acmid = {175935},
 publisher = {ACM},
 address = {New York, NY, USA},
} 


@inproceedings{AutoEfficiency,
author = {B\"{o}hme, Marcel and Paul, Soumya},
title = {On the Efficiency of Automated Testing},
booktitle = {Proceedings of the 22nd ACM SIGSOFT International Symposium on Foundations of Software Engineering},
series = {FSE 2014},
year = {2014},
isbn = {978-1-4503-3056-5},
location = {Hong Kong, China},
pages = {632--642},
numpages = {11},
url = {http://doi.acm.org/10.1145/2635868.2635923},
doi = {10.1145/2635868.2635923},
acmid = {2635923},
publisher = {ACM},
address = {New York, NY, USA},
keywords = {Efficient Testing, Error-based Partitioning, Partition Testing, Random Testing, Testing Theory},
} 

@inproceedings{Ray:2016:NBC:2884781.2884848,
 author = {Ray, Baishakhi and Hellendoorn, Vincent and Godhane, Saheel and Tu, Zhaopeng and Bacchelli, Alberto and Devanbu, Premkumar},
 title = {On the "Naturalness" of Buggy Code},
 booktitle = {Proceedings of the 38th International Conference on Software Engineering},
 series = {ICSE '16},
 year = {2016},
 isbn = {978-1-4503-3900-1},
 location = {Austin, Texas},
 pages = {428--439},
 numpages = {12},
 url = {http://doi.acm.org/10.1145/2884781.2884848},
 doi = {10.1145/2884781.2884848},
 acmid = {2884848},
 publisher = {ACM},
 address = {New York, NY, USA},
} 

@article{yang2007survey,
  title={A survey of coverage-based testing tools},
  author={Yang, Qian and Li, J Jenny and Weiss, David M},
  journal={The Computer Journal},
  volume={52},
  number={5},
  pages={589--597},
  year={2007},
  publisher={Oxford University Press}
}

@inproceedings{chilakamarri2004reducing,
  title={Reducing coverage collection overhead with disposable instrumentation},
  author={Chilakamarri, Kalyan-Ram and Elbaum, Sebastian},
  booktitle={Software Reliability Engineering, 2004. ISSRE 2004. 15th International Symposium on},
  pages={233--244},
  year={2004},
  organization={IEEE}
}

@article{McCabe,
author = {McCabe, T. J.},
title = {A Complexity Measure},
journal = {IEEE Trans. Softw. Eng.},
issue_date = {July 1976},
volume = {2},
number = {4},
month = jul,
year = {1976},
issn = {0098-5589},
pages = {308--320},
numpages = {13},
url = {http://dx.doi.org/10.1109/TSE.1976.233837},
doi = {10.1109/TSE.1976.233837},
acmid = {1313586},
publisher = {IEEE Press},
address = {Piscataway, NJ, USA},
keywords = {Basis, complexity measure, control flow, decomposition, graph theory, independence, linear, modularization, programming, reduction, software, testing, testing, Basis, complexity measure, control flow, decomposition, graph theory, independence, linear, modularization, programming, reduction, software},
} 


@article{JurgenCC,
author    = {Davy Landman and
           Alexander Serebrenik and
           Eric Bouwers and
           Jurgen J. Vinju},
title     = {Empirical analysis of the relationship between {CC} and {SLOC} in
           a large corpus of Java methods and {C} functions},
journal   = {Journal of Software: Evolution and Process},
volume    = {28},
number    = {7},
pages     = {589--618},
year      = {2016},
url       = {http://dx.doi.org/10.1002/smr.1760},
doi       = {10.1002/smr.1760},
timestamp = {Tue, 09 Aug 2016 15:46:30 +0200},
biburl    = {http://dblp.uni-trier.de/rec/bib/journals/smr/LandmanSBV16},
bibsource = {dblp computer science bibliography, http://dblp.org}
}



@inproceedings{PureTest,
author = {Xuan, Jifeng and Monperrus, Martin},
title = {Test Case Purification for Improving Fault Localization},
booktitle = {ACM SIGSOFT International Symposium on Foundations of Software Engineering},
series = {FSE 2014},
year = {2014},
pages = {52--63}
} 

@inproceedings{hsu2009mints,
title={MINTS: A general framework and tool for supporting test-suite minimization},
author={Hsu, Hwa-You and Orso, Alessandro},
booktitle={Software Engineering, 2009. ICSE 2009. IEEE 31st International Conference on},
pages={419--429},
year={2009},
organization={IEEE}
}

@article{term1,
author = "N. Dershowitz",
title = "Termination of rewriting",
year = 1987,
journal = "Journal of Symbolic Computing",
volume = 3,
number = 1,
pages = "69--115"
}

@techreport{term2,
author = {Huet, Gerard and Oppen, Derek C.},
title = {Equations and Rewrite Rules: A Survey},
year = {1980},
source = {http://www.ncstrl.org:8900/ncstrl/servlet/search?formname=detail\&id=oai%3Ancstrlh%3Astan%3ASTAN%2F%2FCS-TR-80-785},
publisher = {Stanford University},
address = {Stanford, CA, USA},
} 

@misc{ScalaCheckDoc,
  title = "{ScalaCheck} User Guide",
  author = "Rickard Nilsson and Shane Auckland and Mark Sumner and Sanjiv Sahayam",
  howpublished = "\url{https://github.com/rickynils/scalacheck/blob/master/doc/UserGuide.md}",
  year = 2016,
  month = "September"
  }

@misc{AngrBug,
  title = "Memory access fault",
  howpublished="\url{https://github.com/angr/angr/issues/798}",
  year = 2017,
  month = "December"
}

@article{Theoretical,
author = {Xie, Xiaoyuan and Chen, Tsong Yueh and Kuo, Fei-Ching and Xu, Baowen},
title = {A Theoretical Analysis of the Risk Evaluation Formulas for Spectrum-based Fault Localization},
journal = {ACM Trans. Softw. Eng. Methodol.},
issue_date = {October 2013},
volume = {22},
number = {4},
month = oct,
year = {2013},
issn = {1049-331X},
pages = {31:1--31:40},
articleno = {31},
numpages = {40},
url = {http://doi.acm.org/10.1145/2522920.2522924},
doi = {10.1145/2522920.2522924},
acmid = {2522924},
publisher = {ACM},
address = {New York, NY, USA},
keywords = {Debugging, risk evaluation formulas, spectrum-based fault localization, testing},
} 

@article{Vesey,
author = "I. Vesey",
title = "Expertise in debugging computer programs",
journal = "International Journal of Man-Machine Studies",
volume = "23",
number = "5",
pages = "459--494",
year = "1985"
}


@article{BallVis,
author = "Thomas Ball and Stephen Eick",
title = "Software visualization in the large",
journal = "Computer",
volume = "29",
number = "4",
pages = "33--43",
month = "April",
year = "1996"
}

@inproceedings{RepsSpectra,
author = {Reps, Thomas and Ball, Thomas and Das, Manuvir and Larus, James},
title = {The Use of Program Profiling for Software Maintenance with Applications to the Year 2000 Problem},
booktitle = {Proceedings of the 6th European Software Engineering Conference Held Jointly with the ACM SIGSOFT International Symposium on Foundations of Software Engineering},
year = {1997},
pages = {432--449}
} 


@inproceedings{Entropy,
author    = {Jos{\'{e}} Campos and
           Rui Abreu and
           Gordon Fraser and
           Marcelo d'Amorim},
title     = {Entropy-based test generation for improved fault localization},
booktitle = {2013 28th {IEEE/ACM} International Conference on Automated Software
           Engineering, {ASE} 2013, Silicon Valley, CA, USA, November 11-15,
           2013},
pages     = {257--267},
year      = {2013}
}

@article{AMFL11,
author = {J. H. Andrews and T. Menzies and F. C.H. Li},
title = {Genetic Algorithms for Randomized Unit Testing},
journal={IEEE Transactions on Software Engineering (TSE)},
volume = {37},
number= {1},
pages = {80-94},
year = {2011}
}

@inproceedings{icst14,
title={Cause Reduction for Quick Testing},
author={Groce, Alex and Alipour, Mohammad Amin and Zhang, Chaoqiang and Chen, Yang and Regehr, John},
booktitle={Software Testing, Verification and Validation (ICST), 2014 IEEE Seventh International Conference on},
year={2014},
pages={243-252},
organization={IEEE}
}

@inproceedings{BLM10,
author = {L. Baresi and P. L. Lanzi and M. Miraz},
title = {TestFul: an Evolutionary Test Approach for {Java} },
booktitle = {IEEE International Conference on Software Testing, Verification
and Validation (ICST)},
pages = {185-194},
year = {2010}
}

@inproceedings{FA11,
author = {Fraser, Gordon and Arcuri, Andrea},
title = {{EvoSuite}: automatic test suite generation for object-oriented
software},
booktitle = {Proceedings of the 19th ACM SIGSOFT Symposium and the 13th
European Conference on Foundations of Software Engineering},
series = {ESEC/FSE '11},
year = {2011},
pages = {416--419},
numpages = {4},
publisher = {ACM},
}

@inproceedings{offutt1995procedures,
title={Procedures for reducing the size of coverage-based test sets},
author={Offutt, A Jefferson and Pan, Jie and Voas, Jeffrey M},
booktitle={In Proc. Twelfth Int'l. Conf. Testing Computer Softw},
year={1995}

}



@article{mcmaster2008call,
title={Call-stack coverage for {GUI} test suite reduction},
author={McMaster, Scott and Memon, Atif M},
journal={Software Engineering, IEEE Transactions on},
volume={34},
number={1},
pages={99--115},
year={2008},
publisher={IEEE}
}

@article{RothFault,
author = {Gregg Rothermel and Mary Jean Harrold and Jeffrey von Ronne and Christie Hong},
title = {Empirical Studies of Test-Suite Reduction},
journal = {Journal of Software Testing, Verification, and Reliability},
year = 2007,
volume = 12,
pages = {219--249}
}

@article{SelectTest,
author    = {John Bible and
           Gregg Rothermel and
           David S. Rosenblum},
title     = {A comparative study of coarse- and fine-grained safe regression
           test-selection techniques},
journal   = {ACM Trans. Softw. Eng. Methodol.},
volume    = {10},
number    = {2},
year      = {2001},
pages     = {149-183},
ee        = {http://doi.acm.org/10.1145/367008.367015},
bibsource = {DBLP, http://dblp.uni-trier.de}
}

@inproceedings{TCminim,
author = {Leitner, Andreas and Oriol, Manuel and Zeller, Andreas and Ciupa, Ilinca and Meyer, Bertrand},
title = {Efficient unit test case minimization},
booktitle = {International Conference on Automated Software Engineering},
year = {2007},
pages = {417--420}
}

@inproceedings{TCE,
 author = {Papadakis, Mike and Jia, Yue and Harman, Mark and Le Traon, Yves},
 title = {Trivial compiler equivalence: a large scale empirical study of a simple, fast and effective equivalent mutant detection technique},
 booktitle = {ICSE},
 year = {2015},
 pages = {936--946},
}


@inproceedings{SaiSimple,
author = {Zhang, Sai},
title = {Practical Semantic Test Simplification},
booktitle = {International Conference on Software Engineering},
year = {2013},
pages = {1173--1176}
} 


@article{CostEffect,
author    = {Sebastian G. Elbaum and
           Gregg Rothermel and
           Satya Kanduri and
           Alexey G. Malishevsky},
title     = {Selecting a Cost-Effective Test Case Prioritization Technique},
journal   = {Software Quality Journal},
volume    = {12},
number    = {3},
year      = {2004},
pages     = {185-210},
ee        = {http://dx.doi.org/10.1023/B:SQJO.0000034708.84524.22},
bibsource = {DBLP, http://dblp.uni-trier.de}
}


@inproceedings{TimeAware06,
author = {Walcott, Kristen R. and Soffa, Mary Lou and Kapfhammer, Gregory M. and Roos, Robert S.},
title = {TimeAware test suite prioritization},
booktitle = {Proceedings of the 2006 international symposium on Software testing and analysis},
series = {ISSTA '06},
year = {2006},
isbn = {1-59593-263-1},
location = {Portland, Maine, USA},
pages = {1--12},
numpages = {12},
url = {http://doi.acm.org/10.1145/1146238.1146240},
doi = {10.1145/1146238.1146240},
acmid = {1146240},
publisher = {ACM},
address = {New York, NY, USA},
keywords = {coverage testing, genetic algorithms, test prioritization},
}
@inproceedings{Mirarab:2007:PAS:1759394.1759424,
author = {Mirarab, Siavash and Tahvildari, Ladan},
title = {A prioritization approach for software test cases based on Bayesian networks},
booktitle = {Proceedings of the 10th international conference on Fundamental approaches to software engineering},
series = {FASE'07},
year = {2007},
isbn = {978-3-540-71288-6},
location = {Braga, Portugal},
pages = {276--290},
numpages = {15},
url = {http://dl.acm.org/citation.cfm?id=1759394.1759424},
acmid = {1759424},
publisher = {Springer-Verlag},
address = {Berlin, Heidelberg},
keywords = {bayesian networks, regression testing, test case prioritization},
}
@article{Ledru:2012:PTC:2124512.2124546,
author = {Ledru, Yves and Petrenko, Alexandre and Boroday, Sergiy and Mandran, Nadine},
title = {Prioritizing test cases with string distances},
journal = {Automated Software Engg.},
issue_date = {March     2012},
volume = {19},
number = {1},
month = mar,
year = {2012},
issn = {0928-8910},
pages = {65--95},
numpages = {31},
url = {http://dx.doi.org/10.1007/s10515-011-0093-0},
doi = {10.1007/s10515-011-0093-0},
acmid = {2124546},
publisher = {Kluwer Academic Publishers},
address = {Hingham, MA, USA},
keywords = {Software engineering, String distance, Test case prioritisation, Testing and debugging, Testing tools},
} 

@inproceedings{Zhang:2009:TTP:1572272.1572297,
author = {Zhang, Lu and Hou, Shan-Shan and Guo, Chao and Xie, Tao and Mei, Hong},
title = {Time-aware test-case prioritization using integer linear programming},
booktitle = {Proceedings of the eighteenth international symposium on Software testing and analysis},
series = {ISSTA '09},
year = {2009},
isbn = {978-1-60558-338-9},
location = {Chicago, IL, USA},
pages = {213--224},
numpages = {12},
url = {http://doi.acm.org/10.1145/1572272.1572297},
doi = {10.1145/1572272.1572297},
acmid = {1572297},
publisher = {ACM},
address = {New York, NY, USA},
keywords = {integer linear programming, test-case prioritization},
}
@inproceedings{Yoo:2009:CTC:1572272.1572296,
author = {Yoo, Shin and Harman, Mark and Tonella, Paolo and Susi, Angelo},
title = {Clustering test cases to achieve effective and scalable prioritisation incorporating expert knowledge},
booktitle = {Proceedings of the eighteenth international symposium on Software testing and analysis},
series = {ISSTA '09},
year = {2009},
isbn = {978-1-60558-338-9},
location = {Chicago, IL, USA},
pages = {201--212},
numpages = {12},
url = {http://doi.acm.org/10.1145/1572272.1572296},
doi = {10.1145/1572272.1572296},
acmid = {1572296},
publisher = {ACM},
address = {New York, NY, USA},
keywords = {ahp, clustering, test case prioritisation},
} 

@inproceedings{Srivastava:2002:EPT:566172.566187,
author = {Srivastava, Amitabh and Thiagarajan, Jay},
title = {Effectively prioritizing tests in development environment},
booktitle = {Proceedings of the 2002 ACM SIGSOFT international symposium on Software testing and analysis},
series = {ISSTA '02},
year = {2002},
isbn = {1-58113-562-9},
location = {Roma, Italy},
pages = {97--106},
numpages = {10},
url = {http://doi.acm.org/10.1145/566172.566187},
doi = {10.1145/566172.566187},
acmid = {566187},
publisher = {ACM},
address = {New York, NY, USA},
keywords = {regression testing, software testing, test minimization, test prioritization, test selection},
}


@article{Elbaum2002TSE,
author = {Elbaum, Sebastian and Malishevsky, Alexey G. and Rothermel, Gregg},
title = {Test Case Prioritization: A Family of Empirical Studies},
journal = {IEEE Trans. Softw. Eng.},
issue_date = {February 2002},
volume = {28},
number = {2},
month = feb,
year = {2002},
issn = {0098-5589},
pages = {159--182},
numpages = {24},
url = {http://dx.doi.org/10.1109/32.988497},
doi = {10.1109/32.988497},
acmid = {506205},
publisher = {IEEE Press},
address = {Piscataway, NJ, USA},
keywords = {Test case prioritization, regression testing, empirical studies.},
} 

@article{Graves:2001:ESR:367008.367020,
author = {Graves, Todd L. and Harrold, Mary Jean and Kim, Jung-Min and Porter, Adam and Rothermel, Gregg},
title = {An empirical study of regression test selection techniques},
journal = {ACM Trans. Softw. Eng. Methodol.},
issue_date = {April 2001},
volume = {10},
number = {2},
month = apr,
year = {2001},
issn = {1049-331X},
pages = {184--208},
numpages = {25},
url = {http://doi.acm.org/10.1145/367008.367020},
doi = {10.1145/367008.367020},
acmid = {367020},
publisher = {ACM},
address = {New York, NY, USA},
keywords = {empirical study, regression testing, selective retest},
}




@article{li2007search,
title={Search algorithms for regression test case prioritization},
author={Li, Zheng and Harman, Mark and Hierons, Robert M},
journal={Software Engineering, IEEE Transactions on},
volume={33},
number={4},
pages={225--237},
year={2007},
publisher={IEEE}
}

@article{ChenLau,
author    = {Tsong Yueh Chen and
           Man Fai Lau},
title     = {Dividing Strategies for the Optimization of a Test Suite},
journal   = {Inf. Process. Lett.},
volume    = {60},
number    = {3},
year      = {1996},
pages     = {135-141},
ee        = {http://dx.doi.org/10.1016/S0020-0190(96)00135-4},
bibsource = {DBLP, http://dblp.uni-trier.de}
}

  @inproceedings{Srivastava2002ISSTA,
author = {Srivastava, Amitabh and Thiagarajan, Jay},
title = {Effectively prioritizing tests in development environment},
booktitle = {Proceedings of the 2002 ACM SIGSOFT international symposium on Software testing and analysis},
series = {ISSTA '02},
year = {2002},
isbn = {1-58113-562-9},
location = {Roma, Italy},
pages = {97--106},
numpages = {10},
url = {http://doi.acm.org/10.1145/566172.566187},
doi = {10.1145/566172.566187},
acmid = {566187},
publisher = {ACM},
address = {New York, NY, USA},
keywords = {regression testing, software testing, test minimization, test prioritization, test selection},
}


﻿@article {Elbaum2003STVR,
author = {Elbaum, Sebastian and Kallakuri, Praveen and Malishevsky, Alexey and Rothermel, Gregg and Kanduri, Satya},
title = {Understanding the effects of changes on the cost-effectiveness of regression testing techniques},
journal = {Software Testing, Verification and Reliability},
volume = {13},
number = {2},
publisher = {John Wiley & Sons, Ltd.},
issn = {1099-1689},
url = {http://dx.doi.org/10.1002/stvr.263},
doi = {10.1002/stvr.263},
pages = {65--83},
keywords = {software testing, regression testing, change integration, case study},
year = {2003}
}

@misc{Monkey,
title = "{UI}/Application Exerciser Monkey",
author = "{Android Developers Blog}",
note = "{\url{http://developer.android.com/tools/help/monkey.html}}"
}

@Misc{jsfunfuzzbugs, 
title = "Mozilla Bug 349611",
author = "Ruderman, Jesse",
note =  "{\url{https://bugzilla.mozilla.org/show\_bug.cgi? id=349611}} (A meta-bug containing all bugs found using jsfunfuzz.)", 
}

@ARTICLE{RothMin,
author={Rothermel, G. and Untch, R.H. and Chengyun Chu and Harrold, M.J.},
journal={Software Engineering, IEEE Transactions on},
title={Prioritizing test cases for regression testing},
year={2001},
volume={27},
number={10},
pages={929-948},
keywords={program debugging;program testing;code component coverage;cost-benefit analysis;experiments;regression testing;software fault correction;software fault detection rate;software testing;test case prioritization;test case scheduling;Application software;Computer Society;Computer aided software engineering;Costs;Fault detection;Feedback;Processor scheduling;Software maintenance;Software testing;System testing},
doi={10.1109/32.962562},
ISSN={0098-5589},}

@article{gupta-jalote-sttt06,
author = "Atul Gupta and Pankaj Jalote",
title = {An approach for experimentally evaluating effectiveness and efficiency of coverage criteria for software testing},
year = {2008},
journal = {Journal of Software Tools for Technology Transfer},
volume = {10},
number = {2},
pages = "145--160"
}

@article{lev,
author = "Vladimir I. Levenshtein",
year = 1966,
title = "Binary codes capable of correcting deletions, insertions, and reversals",
journal = "Soviet Physics Doklady",
volume = 10,
pages = "707--710"
}

@article{DD,
title={Simplifying and isolating failure-inducing input},
author={Zeller, Andreas and Hildebrandt, Ralf},
journal={Software Engineering, IEEE Transactions on},
volume={28},
number={2},
pages={183--200},
year={2002},
publisher={IEEE}
}

@article{Slicing,
author = {Weiser, Mark},
title = {Programmers use slices when debugging},
journal = {Commun. ACM},
issue_date = {July 1982},
volume = {25},
number = {7},
month = jul,
year = {1982},
issn = {0001-0782},
pages = {446--452},
numpages = {7},
url = {http://doi.acm.org/10.1145/358557.358577},
doi = {10.1145/358557.358577},
acmid = {358577},
publisher = {ACM},
address = {New York, NY, USA},
keywords = {program decomposition, slice},
}
@inproceedings{Harder,
title={Improving test suites via operational abstraction},
author={Harder, Michael and Mellen, Jeff and Ernst, Michael D},
booktitle={Software Engineering, 2003. Proceedings. 25th International Conference on},
pages={60--71},
year={2003},
organization={IEEE}
}

@ARTICLE{RothermelTSE2011,
author={Rothermel, G. and Untch, R.H. and Chengyun Chu and Harrold, M.J.},
journal={Software Engineering, IEEE Transactions on}, title={Prioritizing test cases for regression testing},
year={2001},
volume={27},
number={10},
pages={929-948},
keywords={program debugging;program testing;code component coverage;cost-benefit analysis;experiments;regression testing;software fault correction;software fault detection rate;software testing;test case prioritization;test case scheduling;Application software;Computer Society;Computer aided software engineering;Costs;Fault detection;Feedback;Processor scheduling;Software maintenance;Software testing;System testing},
doi={10.1109/32.962562},
ISSN={0098-5589},}@inproceedings{GFuzz,
author = {Godefroid, Patrice and Kiezun, Adam and Levin, Michael Y.},
title = {Grammar-based whitebox fuzzing},
booktitle = {Programming Language Design and Implementation},
year = {2008},
isbn = {978-1-59593-860-2},
pages = {206--215},
numpages = {10},
url = {http://doi.acm.org/10.1145/1375581.1375607},
doi = {10.1145/1375581.1375607},
acmid = {1375607},
keywords = {automatic test generation, grammars, program verification, software testing},
} 

@article{tstlsttt,
author = "Josie Holmes and Alex Groce and Jervis Pinto and Pranjal Mittal and Pooria Azimi and Kevin Kellar and James O'Brien",
title = "{TSTL:} the Template Scripting Testing Language",
journal = "International Journal on Software Tools for Technology Transfer",
year = 2018,
volume = 20,
number = 1,
pages = "57--78"
}



@inproceedings{BERT,
title = "BERT:  BEhavioral Regression Testing",
booktitle = "Workshop on Dynamic Analysis",
year = 2008,
pages = "36--42",
author = "Alessandro Orso and Tao Xie"
}

@inproceedings{RothUnder,
author = {Staats, Matt and Hong, Shin and Kim, Moonzoo and Rothermel, Gregg},
title = {Understanding user understanding: determining correctness of generated program invariants},
booktitle = {International Symposium on Software Testing and Analysis},
year = {2012},
pages = {188--198}
}

@inproceedings{ISSTA12,
author = "Alex Groce and Chaoqiang Zhang and Eric Eide and Yang Chen and John Regehr",
title = "Swarm Testing",
booktitle = "International Symposium on Software Testing and Analysis",
year = 2012,
pages = "78--88"
}

@inproceedings{ISSTA13,
author = "Milos Gligoric and Alex Groce and Chaoqiang Zhang and Rohan Sharma and Amin Alipour and Darko Marinov",
title = "Comparing Non-Adequate Test Suites using Coverage Criteria",
booktitle = "International Symposium on Software Testing and Analysis",
year = 2013,
pages = "302--313"
}

@inproceedings{issta14,
author = {Chaoqiang Zhang and Alex Groce and Mohammad Amin Alipour},
title = "Using Test Case Reduction and Prioritization to Improve Symbolic Execution",
year = 2014,
booktitle = "International Symposium on Software Testing and Analysis",
pages = "160--170"
}



@inproceedings{PLDI13,
author = "Yang Chen and Alex Groce and Chaoqiang Zhang and Weng-Keen Wong and Xiaoli Fern and Eric Eide and John Regehr",
title = "Taming Compiler Fuzzers",
booktitle = "ACM SIGPLAN Conference on Programming Language Design and Implementation",
year = 2013,
pages = "197--208"
}

@inproceedings{zhang2016predictive,
  title={Predictive mutation testing},
  author={Zhang, Jie and Wang, Ziyi and Zhang, Lingming and Hao, Dan and Zang, Lei and Cheng, Shiyang and Zhang, Lu},
  booktitle={International Symposium on Software Testing and Analysis},
  pages={342--353},
  year={2016}
}

@article{jonsson2016automated,
  title={Automated bug assignment: Ensemble-based machine learning in large scale industrial contexts},
  author={Jonsson, Leif and Borg, Markus and Broman, David and Sandahl, Kristian and Eldh, Sigrid and Runeson, Per},
  journal={Empirical Software Engineering},
  volume={21},
  number={4},
  pages={1533--1578},
  year={2016},
  publisher={Springer}
}

@INPROCEEDINGS{SoftMining, 
author={Y. Pei and A. Christi and X. Fern and A. Groce and W. Wong}, 
booktitle={2014 IEEE International Conference on Data Mining Workshop on Software Mining}, 
title={Taming a Fuzzer Using Delta Debugging Trails}, 
year={2014}, 
volume={}, 
number={}, 
pages={840-843}, 
keywords={program debugging;program testing;software tools;fuzzer taming;delta debugging trails;random testing tools;bug-triggering random test cases;minimal failure-inducing test case;furthest point first ranking algorithm;Computer bugs;Debugging;Testing;Engines;Software;Feature extraction;Conferences;Software Testing;Automated Testing;Fuzzing;Fuzzer Taming;Test-Case Reduction}, 
doi={10.1109/ICDMW.2014.58}, 
ISSN={2375-9232}, 
month={Dec},}

@inproceedings{ExtInvar,
author = {Alipour, Amin and Groce, Alex},
title = {Extended program invariants: applications in testing and fault localization},
booktitle = {Workshop on Dynamic Analysis},
year = {2012},
pages = {7--11},
numpages = {5},
url = {http://doi.acm.org/10.1145/2338966.2336799},
doi = {10.1145/2338966.2336799},
acmid = {2336799}
}

@inproceedings{ISSRE,
author = "Alex Groce and Alan Fern and Jervis Pinto and Tim Bauer and Amin Alipour and Martin Erwig and Camden Lopez",
title = "Lightweight Automated Testing with Adaptation-Based Programming",
year = 2012,
booktitle = "IEEE International Symposium on Software Reliability Engineering",
pages = "161--170"
}

@inproceedings{CFV2011,
author = "Amin Alipour and Alex Groce",
title = "Bounded Model Checking and Feature Omission Diversity",
year = 2011,
booktitle = "Workshop on Constraints in Formal Verification"
}

@inproceedings{OpAbs,
author = {Harder, Michael and Mellen, Jeff and Ernst, Michael D.},
title = {Improving test suites via operational abstraction},
booktitle = {International Conference on Software Engineering},
year = {2003},
pages = {60--71}
} 



@inproceedings{MutRand,
author = "Lu Zhang and Shan-Shan Hou and Jun-Jun Hu and Tao Xie and Hong Mei",
title = "Is operator-based mutant selection superior to random mutant selection?",
booktitle = "International Conference on Software Engineering",
year = 2010,
pages = "435--444"
}

@inproceedings{AdaptJava,
author = "Tim Bauer and Martin Erwig and Alan Fern and Jervis Pinto",
title = "Adaptation-based programming in {Java}",
year = 2011,
booktitle = "ACM SIGPLAN Workshop on Partial Evaluation and Program Manipulation",
pages = "81--90"
}

@inproceedings{RobustAdapt,
author = "Jervis Pinto and Alan Fern and Tim Bauer and Martin Erwig",
booktitle = "International Conference on Machine Learning and Applications",
year = 2010,
title = "Robust Learning for Adaptive Programs by Leveraging Program Structure",
pages = "943--948"
}

@inproceedings{ICSE12Feature,
author = "N. Siegmund and S. S. Kolesnikov and C. Kastner and S. Apel and D. Batory and M. Rosenmuller and G. Saake",
booktitle = "International Conference on Software Engineering",
year = 2012,
pages = "166--177",
title = "Predicting Performance via Automated Feature-Interaction Detection"
}

@inproceedings{ProbSym,
author = {Geldenhuys, Jaco and Dwyer, Matthew B. and Visser, Willem},
title = {Probabilistic symbolic execution},
booktitle = {International Symposium on Software Testing and Analysis},
year = {2012},
isbn = {978-1-4503-1454-1},
location = {Minneapolis, MN, USA},
pages = {166--176},
numpages = {11},
url = {http://doi.acm.org/10.1145/2338965.2336773},
doi = {10.1145/2338965.2336773},
acmid = {2336773}
}

@inproceedings{AutoHelp,
author = "Chris Parnin and Alessandro Orso",
title = "Are Automated Debugging Techniques Actually Helping Programmers?",
year = 2011,
booktitle = "International Symposium on Software Testing and Analysis",
pages = "199--209"
}

@inproceedings{BugRedux,
author = {Jin, Wei and Orso, Alessandro},
title = {{BugRedux}: reproducing field failures for in-house debugging},
booktitle = {Int. Conf. on Software Engineering},
year = {2012},
isbn = {978-1-4673-1067-3},
location = {Zurich, Switzerland},
pages = {474--484},
numpages = {11},
url = {http://dl.acm.org/citation.cfm?id=2337223.2337279},
acmid = {2337279},
} 


@article{Wilson,
author = "E. B. Wilson",
year = 1927,
title = "Probable inference, the law of succession, and statistical inference",
journal = "J. of the American Statistical Assoc.",
volume = 22,
pages = "209-212"
}


@article{stattest,
author = "Simon Poulding and John A. Clark",
title = "Efficient Software Verification: Statistical Testing Using Automated Search",
journal = "IEEE Transactions on Software Engineering",
volume = 36,
issue = 6,
year = 2010,
pages = "763--777"
}

@article{searchtest,
author = "Shaukat Ali and Lionel C. Briand and Hadi Hemmati and Rajwinder Kaur Panesar-Walawege",
title = "A Systematic Review of the Application and Empirical Investigation of Search-Based Test Case Generation",
journal = "IEEE Transactions on Software Engineering",
volume = 36,
issue = 6,
year = 2010,
pages = "742--762"
}

@article{structtest,
author = "P. Thevenod-Fosse and H. Waeselynck",
title = "An Investigation of Statistical Software Testing",
journal = "J. Software Testing, Verification, and Reliability",
volume = 1,
number = 2,
year = 1991,
pages = "5--26"
}

@ARTICLE{McMinn04search-basedsoftware,
author = {Phil McMinn},
title = {Search-based Software Test Data Generation: A Survey},
journal = {Software Testing, Verification and Reliability},
year = {2004},
volume = {14},
pages = {105--156}
}

@inproceedings{Chen,
title = "Fundamentals of test case selection: diversity, diversity, diversity",
author = "Tsong Yueh Chen",
year = 2010,
booktitle = "International Conference on Software Engineering and Data Mining",
pages = "723--724"
}

@inproceedings{ISOLA12,
  author = "Alex Groce and Alan Fern and Martin Erwig and Jervis Pinto and Tim Bauer and Amin Alipour",
  year = 2012,
  title = "Learning-Based Test Programming for Programmers",
  booktitle = "International Symposium on Leveraging Applications of Formal Methods, Verification and Validation",
  pages = "752--786"
}


@inproceedings{ARTChen,
author    = {Tsong Yueh Chen and
           Hing Leung and
           I. K. Mak},
title     = {Adaptive Random Testing},
booktitle = {Advances in Computer Science},
year      = {2004},
pages     = {320--329},
}

@inproceedings{ISSTAART,
author = "Andrea Arcuri and Lionel Briand",
title = "Adaptive Random Testing: An Illusion of Effectiveness",
year = 2011,
pages = "265--275",
booktitle = "International Symposium on Software Testing and Analysis"
}

@inproceedings{FASE,
author = "Rohan Sharma and Milos Gligoric and Andrea Arcuri and Gordon Fraser and Darko Marinov",
title = "Testing Container Classes: Random or Systematic?",
year = 2011,
booktitle = "Fundamental Approaches to Software Engineering",
pages = "262-277"
}

@inproceedings{EndUserMistake,
  author    = {Todd Kulesza and
               Margaret M. Burnett and
               Simone Stumpf and
               Weng{-}Keen Wong and
               Shubhomoy Das and
               Alex Groce and
               Amber Shinsel and
               Forrest Bice and
               Kevin McIntosh},
  title     = {Where Are My Intelligent Assistant's Mistakes? {A} Systematic Testing
               Approach},
  booktitle = {End-User Development - Third International Symposium, {IS-EUD} 2011,
               Torre Canne (BR), Italy, June 7-10, 2011. Proceedings},
  pages     = {171--186},
  year      = {2011},
  url       = {https://doi.org/10.1007/978-3-642-21530-8\_14},
  doi       = {10.1007/978-3-642-21530-8\_14},
  timestamp = {Thu, 15 Jun 2017 21:41:54 +0200},
  biburl    = {https://dblp.org/rec/bib/conf/iseud/KuleszaBSWDGSBM11},
  bibsource = {dblp computer science bibliography, https://dblp.org}
}

@article{MathieuDesnoyers2012URCU
,Author="Mathieu Desnoyers and Paul E. McKenney and Alan Stern and Michel R. Dagenais and Jonathan Walpole"
,Title="User-Level Implementations of Read-Copy Update"
,journal="IEEE Transactions on Parallel and Distributed Systems"
,volume={23}
,year="2012"
,issn="1045-9219"
,pages="375-382"
,doi="http://doi.ieeecomputersociety.org/10.1109/TPDS.2011.159"
,publisher="IEEE Computer Society"
,address="Los Alamitos, CA, USA"
}

@misc{pyfakefs,
title = "pyfakefs implements a fake file system that mocks the {Python} file system modules",
author = "mrbean-bremen and jmcgeheeiv and others",
howpublished = "\url{https://github.com/jmcgeheeiv/pyfakefs}",
month = "June",
year = "2011"
}


@article{McKenney:2013:SDS:2483852.2483867
,author = {McKenney, Paul E.}
,title = {Structured deferral: synchronization via procrastination}
,journal = {Commun. ACM}
,issue_date = {July 2013}
,volume = {56}
,number = {7}
,month = jul
,year = {2013}
,issn = {0001-0782}
,pages = {40--49}
,numpages = {10}
,url = {http://doi.acm.org/10.1145/2483852.2483867}
,doi = {10.1145/2483852.2483867}
,acmid = {2483867}
,publisher = {ACM}
,address = {New York, NY, USA}
}
@misc{rcutorture,
  title = "{RCU} Torture Test Operation",
  howpublished = "\url{https://www.kernel.org/doc/Documentation/RCU/torture.txt}",
  author = "Paul E. McKenney"
  }

@article{DinakarGuniguntala2008IBMSysJ
,author="D. Guniguntala and P. E. McKenney and J. Triplett and J. Walpole"
,title="The read-copy-update mechanism for supporting real-time applications on shared-memory multiprocessor systems with {Linux}"
,Year="2008"
,Month="May"
,journal="IBM Systems Journal"
,volume="47"
,number="2"
,pages="221-236"
}


@inproceedings{HaririLLVM,
  author    = {Farah Hariri and
               August Shi},
  title     = {{SRCIROR:} a toolset for mutation testing of {C} source code and {LLVM}
               intermediate representation},
  booktitle = {Proceedings of the 33rd {ACM/IEEE} International Conference on Automated
               Software Engineering, {ASE} 2018, Montpellier, France, September 3-7,
               2018},
  pages     = {860--863},
  year      = {2018},
  url       = {http://doi.acm.org/10.1145/3238147.3240482},
  doi       = {10.1145/3238147.3240482},
  timestamp = {Wed, 22 Aug 2018 08:38:37 +0200},
  biburl    = {https://dblp.org/rec/bib/conf/kbse/HaririS18},
  bibsource = {dblp computer science bibliography, https://dblp.org}
}

@ARTICLE{OnlyOracle, 
author={Alex Groce and Todd Kulesza and Chaoqiang Zhang and Shalini Shamasunder and Margaret Burnett and Weng-Keen Wong and Simone Stumpf and Shubhomoy Das and Amber Shinsel and Forrest Bice and Kevin McIntosh}, 
journal={IEEE Transactions on Software Engineering}, 
title={You Are the Only Possible Oracle: Effective Test Selection for End Users of Interactive Machine Learning Systems}, 
year={2014}, 
volume={40}, 
number={3}, 
pages={307-323}, 
keywords={interactive systems;learning (artificial intelligence);program testing;effective test selection;interactive machine learning systems;end users;program testing;software testing;machine learned classifiers;machine generated program;email;hard-to-find failures;interactive failure detection;Testing;Software;Training;Training data;Electronic mail;Software algorithms;Machine learning algorithms;Machine learning;end-user testing;test suite size}, 
doi={10.1109/TSE.2013.59}, 
ISSN={0098-5589}, 
month={March},}

@inproceedings{Reinforce,
author = "Margus Veanes and Pritam Roy and Colin Campbell",
title = "Online Testing with Reinforcement Learning",
year = 2006,
booktitle = "Formal Approaches to Software Testing and Runtime Verification",
pages = "240--253"
}

@inproceedings{HamletOnly,
author = "Richard Hamlet",
title = "When Only Random Testing Will Do",
booktitle = "International Workshop on Random Testing",
year = 2006,
pages = "1--9"
}

@misc{NIST,
author = "{NIST}",
title = "{NIST} Covering Array Tables",
howpublished = "\url{http://math.nist.gov/coveringarrays/ipof/tables/table.5.2.html}"
}

@misc{yaffs2,
key = "Yaffs",
title = "YAFFS: A Flash file system for embedded use",
howpublished = "\url{http://www.yaffs.net/}"
}



@inproceedings{JavaPred,
author = "C. Boyapati and Sarfraz Khurshid and Darko Marinov",
title = "Korat:  Automated testing based on {Java} predicates",
booktitle = "International Symposium on Software Testing and Analysis",
year = 2004,
pages = "195--205"
}

@inproceedings{MachCode,
title = "Model Checking Machine Code with the {GNU} Debugger",
year = 2005,
booktitle = "SPIN Workshop on Model Checking Software",
author = "Eric Mercer and Michael Jones"
}

@article{CoverArray,
author = "J. F. Lawrence and R. N. Kacker and D. R. Kuhn and M. Forbes",
title = "A Survey of Binary Covering Arrays",
year = 2011,
journal = "The electronic journal of combinatorics",
volume = 18,
number = "P84"
}

@article{TestEra,
author = "Sarfraz Khurshid and Darko Marinov",
title = "TestEra:  Specification-based testing of {Java} programs using {SAT}",
journal = "Automated Software Engineering Journal",
volume = 11,
number = 4,
year = 2004,
pages = "403--434"
}

@book{JacksonBook,
author = "Daniel Jackson",
title = "Software Abstractions:  Logic, Language and Analysis",
publisher = "The MIT Press",
year = 2006
}

@inproceedings{Hybrid,
author = "Rupak Majumdar and Koushik Sen",
title = "Hybrid Concolic Testing",
year = 2007,
booktitle = "International Conference on Software Engineering",
pages = "416--426"
}


@article{arcuri2014hitchhiker,
title={A hitchhiker's guide to statistical tests for assessing randomized algorithms in software engineering},
author={Arcuri, Andrea and Briand, Lionel},
journal={Software Testing, Verification and Reliability},
volume={24},
number={3},
pages={219--250},
year={2014}
}


@inproceedings{AndrewsL07,
author    = {James Andrews and
           Felix Li and Tim Menzies},
title     = {Nighthawk: A Two-Level Genetic-Random Unit Test Data Generator},
booktitle = {Automated Software Engineering},
pages = {144--153},
year      = {2007}
}

@inproceedings{Threats,
author = {Steimann, Friedrich and Frenkel, Marcus and Abreu, Rui},
title = {Threats to the Validity and Value of Empirical Assessments of the Accuracy of Coverage-based Fault Locators},
booktitle = {International Symposium on Software Testing and Analysis},
series = {ISSTA 2013},
year = {2013},
pages = {314--324}
} 

@article{MeyerStateful,
title = "Stateful Testing:  Finding more errors in code and contracts",
year = 2011,
author = "Yi Wei and Yu Pei and Hannes Roth and Alex Horton and Michael Steindorfer and Carlo A. Furia and Martin Nordio and Bertrand Meyer",
journal = "Computing Research Repository",
month = aug
}

@article{combin,
title = "Software Fault Interactions and Implications for Software Testing",
year = 2004,
author = "D. Richard Kuhn and Dolores R. Wallace and Albert M. Gallo, Jr",
journal = "IEEE Transactions on Software Engineering",
volume = 30,
number = 6,
pages = "418--421"
}

@incollection{Hamlet94,
author = {Richard Hamlet},
title = {Random testing},
booktitle = {Encyclopedia of Software Engineering},
publisher = {Wiley},
pages = {970--978},
year = {1994},
}

@inproceedings{ClaessenH00,
author    = {Koen Claessen and
           John Hughes},
title     = {{QuickCheck}: a lightweight tool for random testing of {Haskell}
           programs},
booktitle = {International Conference on Functional Programming},
year      = {2000},
pages     = {268--279},
ee        = {http://doi.acm.org/10.1145/351240.351266},
bibsource = {DBLP, http://dblp.uni-trier.de}
}
@inproceedings{Pacheco05,
author    = {Carlos Pacheco and
           Michael D. Ernst},
title     = {Eclat: Automatic Generation and Classification of Test Inputs},
booktitle = {European Conference on Object-Oriented Programming},
year      = {2005},
pages     = {504--527},
ee        = {http://dx.doi.org/10.1007/11531142_22},
crossref  = {DBLP:conf/ecoop/2005},
bibsource = {DBLP, http://dblp.uni-trier.de}
}


@misc{pittest,
    author = {Henry Coles},
    title = {PIT Mutation Testing},
    howpublished = {\url{http://pittest.org/}},
    urldate = {2013-07-06}
}

@proceedings{DBLP:conf/ecoop/2005,
editor    = {Andrew P. Black},
title     = {ECOOP 2005 - Object-Oriented Programming, 19th European
           Conference, Glasgow, UK, July 25--29, 2005, Proceedings},
booktitle = {ECOOP},
publisher = {Springer},
series    = {Lecture Notes in Computer Science},
volume    = {3586},
year      = {2005},
isbn      = {3-540-27992-X},
bibsource = {DBLP, http://dblp.uni-trier.de}
}

@article{SoftBET,
title = "Software Assurance by Bounded Exhaustive Testing",
author = "David Coppit and Jinlin Yang and Sarfraz Khurshid and Wei Le and Kevin Sullivan",
journal = "IEEE Transactions on Software Engineering",
year = 2005,
volume = 31,
number = 4,
month = apr,
pages = "328--339"
}

@article{CsallnerS04,
author    = {Christoph Csallner and
           Yannis Smaragdakis},
title     = {{JCrasher}: an automatic robustness tester for {Java}},
journal   = {Softw., Pract. Exper.},
volume    = {34},
number    = {11},
year      = {2004},
pages     = {1025--1050},
ee        = {http://dx.doi.org/10.1002/spe.602},
bibsource = {DBLP, http://dblp.uni-trier.de}
}
@inproceedings{CiupaLOM07,
author    = {Ilinca Ciupa and
           Andreas Leitner and
           Manuel Oriol and
           Bertrand Meyer},
title     = {Experimental assessment of random testing for object-oriented
           software},
booktitle = {International Symposium on Software Testing and Analysis},
year      = {2007},
pages     = {84--94},
ee        = {http://doi.acm.org/10.1145/1273463.1273476},
crossref  = {DBLP:conf/issta/2007},
bibsource = {DBLP, http://dblp.uni-trier.de}
}
@proceedings{DBLP:conf/issta/2007,
editor    = {David S. Rosenblum and
           Sebastian G. Elbaum},
title     = {Proceedings of the ACM/SIGSOFT International Symposium on
           Software Testing and Analysis, ISSTA 2007, London, UK, July
           9--12, 2007},
booktitle = {ISSTA},
publisher = {ACM},
year      = {2007},
isbn      = {978-1-59593-734-6},
bibsource = {DBLP, http://dblp.uni-trier.de}
}
@article{WhittakerT94,
author    = {James A. Whittaker and
           Michael G. Thomason},
title     = {A {Markov} Chain Model for Statistical Software Testing},
journal   = {IEEE Transactions on Software Engineering},
volume    = {20},
number    = {10},
year      = {1994},
pages     = {812--824},
ee        = {http://www.computer.org/tse/ts1994/e0812abs.htm},
bibsource = {DBLP, http://dblp.uni-trier.de}
}

@article{NVersion,
author = "Susan Brilliant and John Knight and Nancy Leveson",
title = "The Consistent Comparison Problem in N-Version Software",
journal = "IEEE Transactions on Software Engineering",
volume = 15,
number = 11,
year = "1987",
pages = "1481--1485"
}

@inproceedings{LocCause,
author    = {Holger Cleve and
           Andreas Zeller},
title     = {Locating causes of program failures},
booktitle = {ICSE},
year      = {2005},
pages     = {342--351},
ee        = {http://doi.acm.org/10.1145/1062455.1062522},
crossref  = {DBLP:conf/icse/2005},
bibsource = {DBLP, http://dblp.uni-trier.de}
}
@proceedings{DBLP:conf/icse/2005,
editor    = {Gruia-Catalin Roman and
           William G. Griswold and
           Bashar Nuseibeh},
title     = {27th International Conference on Software Engineering (ICSE
           2005), 15--21 May 2005, St. Louis, Missouri, USA},
booktitle = {ICSE},
publisher = {ACM},
year      = {2005},
bibsource = {DBLP, http://dblp.uni-trier.de}
}

@book{ModelChecking,
author="Edmund M. Clarke and Orna Grumberg and Doron Peled",
title="Model Checking",
publisher="MIT Press",
year="2000"}



@book{ZellerBook,
author="Andreas Zeller",
title="Why Programs Fail: A Guide to Systematic Debugging",
publisher="Morgan Kaufmann",
year="2005"}

@inproceedings{GuidedGA,
  author    = {Ali Aburas and
               Alex Groce},
  title     = {A Method Dependence Relations Guided Genetic Algorithm},
  booktitle = {Search Based Software Engineering - 8th International Symposium, {SSBSE}
               2016, Raleigh, NC, USA, October 8-10, 2016, Proceedings},
  pages     = {267--273},
  year      = {2016}
}

@book{Petroski,
author="Henry Petroski",
title="To Engineer is Human:  The Role of Failure in Successful Design",
publisher="St. Martin's Press",
year="1985"}

@inproceedings{PathSlicing,
author = "Ranjit Jhala and Rupak Majumdar",
title = "Path Slicing",
booktitle = "Programming Language Design and Implementation",
year = "2005",
pages = "38--47"
}

@inproceedings{vmcai08,
author = "Alex Groce and Rajeev Joshi",
title = "Extending Model Checking with Dynamic Analysis",
booktitle = "International Conference on Verification, Model Checking, and Abstract Interpretation",
year = 2008,
pages = "142--156"
}

@inproceedings{ICSEDiff,
author = "Alex Groce and Gerard Holzmann and Rajeev Joshi",
title = "Randomized Differential Testing as a Prelude to Formal Verification",
booktitle = "International Conference on Software Engineering",
year = 2007,
pages = "621--631"
}

@book{Fow10,
author =    {M. Fowler},
title =     "{Domain-Specific Languages}",
year =      2010,
publisher = "Addison-Wesley Professional"
}

@inproceedings{MinUnit,
author = "Yong Lei and James H. Andrews",
title = "Minimization of Randomized Unit Test Cases",
booktitle = "International Symposium on Software Reliability Engineering",
year = "2005",
pages = "267--276"
}

@inproceedings{minisat,
author = "Niklas Een and Niklas Sorensson",
title = "An Extensible {SAT}-Solver",
booktitle =    {Symposium on the Theory and Applications of Satisfiability Testing ({SAT})},
year = "2003",
pages = "502--518"
}

@misc{rustcov,
  title = {Tutorial: How to collect test coverages for Rust project},
  author = "Kang Seonghoon",
  howpublished = {\url{https://users.rust-lang.org/t/tutorial-how-to-collect-test-coverages-for-rust-project/650}},
  month = "March",
  year = 2015
  }

@inproceedings{DynamicAnalysis,
author = "Thomas Ball",
title = "The Concept of Dynamic Analysis",
booktitle = "European Software Engineering Conference/Foundations of Software Engineering",
year = "1999",
pages = "216--234"
}

@inproceedings{RL1,
author = "D. Andre and S. Russel",
title = "State abstraction for programmable reinforcement learning agents",
year = 2002,
booktitle = "National Conference on Artificial Intelligence"
}


@inproceedings{Pacheco,
author = "Carlos Pacheco and Shuvendu K. Lahiri and Michael D. Ernst and Thomas Ball",
title = "Feedback-directed Random Test Generation",
booktitle = "International Conference on Software Engineering",
year = "2007",
pages = "75--84"
}

@inproceedings{SlicePromela,
author = "Lynette I. Millett and Tim Teitelbaum",
title = "Slicing {Promela} and its Applications to Model Checking, Simulation, and Protocol Understanding",
booktitle = "SPIN Workshop on Model Checking of Software",
year = "1998",
pages = "75--83"
}


@inproceedings{CReduce,
author    = {John Regehr and
           Yang Chen and
           Pascal Cuoq and
           Eric Eide and
           Chucky Ellison and
           Xuejun Yang},
title     = {Test-case reduction for {C} compiler bugs},
booktitle = {ACM SIGPLAN Conference on Programming Language Design and Implementation},
year      = {2012},
pages     = {335-346},
ee        = {http://doi.acm.org/10.1145/2254064.2254104},

}

@inproceedings{LogFilesArch,
author = "Gerald Gannod and Shilpa Murthy",
title = "Using Log Files to Reconstruct State-Based Software Architectures",
booktitle = "WCRE'02 Workshop on Software Architecture Reconstruction",
year = "2002"
}

@inproceedings{z3,
author    = {Leonardo Mendon{\c{c}}a de Moura and
           Nikolaj Bj{\o}rner},
title     = {{Z3:} An Efficient {SMT} Solver},
booktitle = {Tools and Algorithms for the Construction and Analysis of Systems},
pages     = {337--340},
year      = {2008}
}

@article{Gonzalez85,
  author = "Teofilo F. Gonzalez",
  title = "Clustering to Minimize the Maximum Intercluster Distance",
  journal = "Theoretical Computer Science",
  volume = 38,
  year = 1985,
  pages = "293--306",
}


@inproceedings{MBTraceChecking,
author = "Yvonne Howard and Stefan Gruner and Andrew M. Gravell and Carla Ferreira and Juan Carlos Augusto",
title = "Model-Based Trace-Checking",
booktitle = "SoftTest: UK Software Testing Research Workshop II",
year = "2003"
}

@inproceedings{LogAudit,
author = "Muriel Roger and Jean Goubault-Larrecq",
title = "Log Auditing through Model-Checking",
booktitle = "IEEE Workshop on Computer Security Foundations",
year = "2001",
pages = "220"
}

@inproceedings{PSE,
author = "Roman Manevich and Manu Sridharan and Stephen Adams and Manuvir Das and Zhe Yang",
title = "{PSE:} explaining program failures via postmortem static analysis",
booktitle = "Foundations of Software Engineering",
year = "2004",
pages = "63--72"
}



@book{FSP,
author = "J. Magee and J. Kramer",
title = "Concurrency:  State Models and {Java} Programs",
publisher = "John Wiley and Sons",
year="1999"
}

@inproceedings{chaff,
author = "Matthew W. Moskewicz and Conor F. Madigan and Ying Zhao and Linao Zhang and Sharad Malik",
title = "{Chaff: Engineering an Efficient {SAT} Solver}",
booktitle = "Design Automation Conference",
year = "2001",
pages = "530--535"
}

@inproceedings{AlpernSSA,
author = "Bowen Alpern and Mark N. Wegman and F. Kenneth Zadeck",
title = "Detecting Equality of Variables in Programs",
booktitle = "Principles of Programming Languages",
year=1988,
pages={1--11}
}

@inproceedings{ParaSlice,
author = "John Field and Ganesan Ramalingam and Frank Tip",
title = "Parametric Program Slicing",
booktitle = "Principles of Programming Languages",
year=1995,
pages={379--392}
}

@inproceedings{CBMCp,
author = "Daniel Kroening and Edmund M. Clarke and Flavio Lerda",
title = "A Tool for Checking {ANSI-C} Programs",
booktitle = "Tools and Algorithms for the Construction and Analysis of Systems",
year = "2004",
pages = "168--176"
}

@article{AMAI,
author = "Alex Groce and Klaus Havelund and Gerard Holzmann and Rajeev Joshi and Ru-Gang Xu",
title = "Establishing Flight Software Reliability:  Testing, Model Checking, Constraint-Solving, Monitoring and Learning",
journal = "Annals of Mathematics and Artificial Intelligence",
volume = 70,
number = 4,
pages = "315--349",
year = 2014
}

@article{RL2,
author = "S. Mahadevan",
title = "Agent reward reinforcement learning: Foundations, algorithms, and empirical results",
journal = "Machine Learning",
volume = 22,
number = 1,
pages = "159--195",
year = 1996
}


@inproceedings{QL1,
author = "S. Bradtke and M. O. Duff",
title = "Reinforcement learning methods for continuous-time {Markov} decison problems",
pages = "393--400",
year = 1995,
booktitle = "Advances in neural information processing systems"
}

@article{Imposs,
author = "C. Kaner",
title = "The impossibility of complete testing",
year = 1997,
journal = "Software QA",
volume = 4,
number = 4,
page = 28,
note = "\url{http://www.kaner.com/pdfs/imposs.pdf}"
}

@book{ManMonth,
author = "Frederick Brooks",
title = "The Mythical Man-Month:  Essays on Software Engineering, 20th Anniversary Edition",
year = 1995,
publisher = {{Addison-Wesley Professional}}
}

@inproceedings{TestPlan,
author = "Klaus Havelund and Alex Groce and Gerard Holzmann and Rajeev Joshi and Margaret Smith",
title = "Automated Testing of Planning Models",
booktitle = "Workshop on Model Checking and Artificial Intelligence",
year = 2008,
pages = "90--105"
}

@inproceedings{RuleBased,
author = "Howard Barringer and Klaus Havelund and David Rydeheard and Alex Groce",
title = "Rule Systems for Runtime Verification: A short tutorial",
booktitle = "International Workshop on Runtime Verification",
year = 2009
}

@inproceedings{exploit,
author = "Alex Groce and Rajeev Joshi",
title = "Exploiting Traces in Program Analysis",
booktitle = "Tools and Algorithms for the Construction and Analysis of Systems",
year = "2006",
pages = "379--393"
}

@inproceedings{CK03,
author = "E. Clarke and D. Kroening",
title = "Hardware Verification using {ANSI-C} Programs as a Reference",
booktitle = { Asia and South Pacific Design Automation Conference (ASP-DAC) },
year = "2003",
pages = {308--311}
}


@misc{Coveragepy,
  author = "Ned Batchelder",
  title = "Coverage.py",
  howpublished = "\url{https://coverage.readthedocs.org/en/coverage-4.0.1/}",
  year = 2015
  }

@inproceedings{DDISSTA,
author    = {Ralf Hildebrandt and
           Andreas Zeller},
title     = {Simplifying failure-inducing input},
booktitle = {International Symposium on Software Testing and Analysis},
year      = {2000},
pages     = {135-145},
ee        = {http://doi.acm.org/10.1145/347324.348938},
bibsource = {DBLP, http://dblp.uni-trier.de}
}

@misc{TrailBitsSeeded,
  author = "Peter Goodman",
  title = "A fuzzer and a symbolic executor walk into a cloud",
  howpublished = {\url{https://blog.trailofbits.com/2016/08/02/engineering-solutions-to-hard-program-analysis-problems/}},
  month = "August",
  year = 2016
  }

@inproceedings{Person:2011:DIS:1993498.1993558,
 author = {Person, Suzette and Yang, Guowei and Rungta, Neha and Khurshid, Sarfraz},
 title = {Directed Incremental Symbolic Execution},
 booktitle = {Proceedings of the 32Nd ACM SIGPLAN Conference on Programming Language Design and Implementation},
 series = {PLDI '11},
 year = {2011},
 pages = {504--515},
}

@inproceedings{libFuzzer,
  title={Continuous Fuzzing with libFuzzer and AddressSanitizer},
  author={Serebryany, Kostya},
  booktitle={Cybersecurity, Development (SecDev), IEEE},
  pages={157--157},
  year={2016},
  organization={IEEE}
}

@INPROCEEDINGS{Marinescu:2012:MTS:2337223.2337308,
  author = {Marinescu, Paul Dan and Cadar, Cristian},
  title = {make test-zesti: a symbolic execution solution for improving regression
	testing},
  booktitle = {International Conference on Software Engineering},
  year = {2012},
  pages = {716--726}
}

@inproceedings{RWSet,
author = "Peter Boonstoppel and Cristian Cadar and Dawson Engler",
title = "RWSet:  Attacking Path Explosion in Constraint-Based Test Generation",
booktitle = "Tools and Algorithms for the Construction and Analysis of Systems",
year = 2008,
pages = "351--366"
}

@inproceedings{CEGARExe,
title = "Counterexample Guided Abstraction Refinement Via Program Execution",
booktitle = "International Conference on Formal Engineering Methods",
year = 2004,
pages = "224--238",
author = "Daniel Kroening and Alex Groce and Edmund M. Clarke"
}

@inproceedings{CKY03,
AUTHOR    = { D. Kroening
            and E. Clarke
            and K. Yorav },
TITLE     = { Behavioral Consistency of {C} and {Verilog} Programs Using Bounded Model Checking },
BOOKTITLE = { Design Automation Conference (DAC) },
YEAR      = { 2003 },
PAGES     = { 368--371 },
ISBN      = { 1-58113-688-9 },
}

@InProceedings{PBS,
author =       {F. Aloul and A. Ramani and I. Markov and K. Sakallah},
title =        {{PBS}: A backtrack search pseudo {Boolean} solver},
booktitle =    {Symposium on the Theory and Applications of Satisfiability Testing ({SAT})},
pages =        {346--353},
year =         {2002}
}


@inproceedings{ClarkeEmerson,
author = "Edmund M. Clarke and E. Emerson",
title = "The Design and Synthesis of Synchronization Skeletons Using Temporal Logic",
booktitle = "Workshop on Logics of Programs",
year = "1981",
pages = "52--71"
}

@inproceedings{SifakisMC,
author = "Jean-Pierre Queille and Joseph Sifakis",
title = "Specification and verification of concurrent systems in {CESAR}",
pages = "337--351",
year = "1982",
booktitle = "International Symposium on Programming"
}


@InProceedings{HardSlice,
author =       {Edmund M. Clarke and Masahiro Fujita and Sreeranga P. Rajan and Thomas W. Reps and Subash Shankar and Tim Teitelbaum},
title =        {Program Slicing of Hardware Description Languages},
booktitle =    {Correct Hardware Design and Verification Methods (CHARME)},
pages =        {298--312},
year =         {1999}
}


@book{
kurshan,
author = "R. P. Kurshan",
title = "Computer-Aided Verification of Coordinating Processes: The Automata-
Theoretic Approach",
publisher = "Princeton University Press",
year = "1995"
}

@inproceedings{BMCThread,
author = "Ishai Rabinovitz and Orna Grumberg",
title = "Bounded Model Checking of Concurrent Programs",
booktitle = "Computer-Aided Verification",
pages = "82--97",
year = "2005"
}

@inproceedings{CEGAR,
author = "E. Clarke and O. Grumberg and S. Jha and Y. Lu and
H. Veith",
title = "Counterexample-Guided Abstraction Refinement",
booktitle = "Computer-Aided Verification",
pages = "154--169",
year = "2000"
}


@book{TimeWarp,
editor = "D. Sankoff and J. Kruskal",
title = "Time Warps, String Edits, and Macromolecules:  the Theory and Practice of Sequence Comparison",
publisher = "Addison Wesley",
year = "1983"
}

@incollection{Wagner,
author = "R. Wagner",
title = "On the Complexity of the Extended String-to-String Correction Problem",
booktitle = "Time Warps, String Edits, and Macromolecules:  the Theory and Practice of Sequence Comparison",
year = "1983",
editor = "D. Sankoff and J. Kruskal",
publisher = "Oxford University Press"
}

@book{Gusfield,
author = "D. Gusfield",
title = "Algorithms on Strings, Trees, and Sequences:  Computer Science and Computational Biology",
publisher = "Cambridge University Press",
year = "1997"
}

@book{Durbin,
author = "R. Durbin and S. Eddy and A. Krogh and G. Mitchison",
title = "Biological sequence analysis:  Probabilistic models of proteins and nucleic acids",
publisher = "Cambridge University Press",
year = "1998"
}

@article{ModelCode,
author = "Gerard Holzmann and Rajeev Joshi and Alex Groce",
title = "Model driven code checking",
journal = "Automated Software Engineering",
volume = 15,
number = "3--4",
year = 2008,
pages = "283--297"
}

@article{Galles,
author = "D. Galles and J. Pearl",
title = "Axioms of Causal Relevance",
volume = "97",
number = "1--2",
journal = "Artificial Intelligence",
pages = "9--43",
year = "1997"
}

@article{PowerTen,
author = "G. J. Holzmann",
title = "The Power of Ten:  Rules for Developing Safety Critical Code",
volume = "39",
number = "6",
journal = "IEEE Computer",
pages = "95--97",
month = jun,
year = "2006"
}

@inproceedings{Spirit,
author = "Glenn Reeves and Tracy Neilson",
title = "The {Mars} {Rover} {Spirit} {Flash} Anomaly",
booktitle = "IEEE Aerospace Conference",
year = "2005"
}

@article{BanderaSlice,
author = "John Hatcliff and Matthew B. Dwyer and Hongjun Zheng",
title = "Slicing Software for Model Construction",
volume = "13",
number = "4",
journal = "Higher-Order and Symbolic Computation",
pages = "315--353",
year = "2000"
}



@InProceedings{POPAD,
author =	 {Akash Lal and Junghee Lim and Marina Polishchuk and
              Ben Liblit},
title =	 {Path Optimization in Programs and its Application to
              Debugging},
booktitle =	 {European Symposium on Programming},
year =	 2006,
pages = "246--263"
}

@inproceedings{DwyerSearch,
author = "Matthew B. Dwyer and Sebastian G. Elbaum and Suzette Person and Ragul Purandare",
title = "Parallel Randomized State-Space Search",
booktitle = "International Conference on Software Engineering",
year = 2007,
pages = "3--12"
}

@InProceedings{Jones07,
author =       "Jones, James A. and Bowring, James F. and Harrold, Mary Jean",
title =        "Debugging in Parallel",
booktitle =    "International Symposium on Software Testing and Analysis",
year =         "2007",
pages =        "16--26"
}

@inproceedings{Bogor,
author = "Robby and Matthew Dwyer and John Hatcliff",
title = "Bogor: An Extensible and Highly-Modular Model Checking Framework",
year = 2003,
booktitle = "European Software Engineering Conference / Symposium on the Foundations of Software Engineering",
pages = "267--276"
}


@inproceedings{TACASSlice,
author = "Matthew B. Dwyer and John Hatcliff and Matthew Hoosier and Venkatesh Prasad Ranganath and Robby and Todd Wallentine",
title = "Evaluating the Effectiveness of Slicing for Model Reduction of Concurrent Object-Oriented Programs",
booktitle = "Tools and Algorithms for the Construction and Analysis of Systems",
year = "2006",
pages = "73--89"
}

@inproceedings{JADE,
author = "C. Mateis and M. Stumptner and D. Wieland and F. Wotawa",
title = "Model-Based Debugging of {Java} Programs",
booktitle = "Workshop on Automatic Debugging",
year = "2000"
}

@article{Reiter,
author = "R. Reiter",
title = "A theory of diagnosis from first principles",
journal = "Artificial Intelligence",
volume = "32",
number = "1",
year = "1987",
pages = "57--95"
}

@inproceedings{CMC,
author = "M. Musuvathi and D. Park and A. Chou and D. Engler and D. Dill",
title = "{CMC:} {A} Pragmatic Approach to Model Checking Real Code",
booktitle = "Symposium on Operating System Design and Implementation",
year = "2002"
}

@article{SENAssert,
author = "L. A. Clarke and D. S. Rosenblum",
title = "A historical perspective on runtime assertion checking in software development",
journal = "ACM SIGSOFT Software Engineering Notes",
volume = "31",
number = "3",
year = "2006",
month = may,
pages = "25--37"
}

@inproceedings{BMC,
author = "Armin Biere and Alessandro Cimatti and Edmund M. Clarke and Yunshan Zhu",
title = "Symbolic Model Checking without {BDDs}",
booktitle = "Tools and Algorithms for the Construction and Analysis of Systems", 
year = "1999",
pages = "193--207"
}

@inproceedings{ModelDriven,
author = "Gerard Holzmann and Rajeev Joshi",
title = "Model-Driven Software Verification",
booktitle = "SPIN Workshop on Model Checking of Software",
year = "2004",
pages = "76--91"
}

@inproceedings{VeriSoft,
author = "Patrice Godefroid",
title = "VeriSoft: a tool for the automatic analysis of concurrent software",
booktitle = "Computer-Aided Verification",
year = 1997,
pages = "172--186"
}

@inproceedings{angr1,
  title={SoK: (State of) The Art of War: Offensive Techniques in Binary Analysis},
  author={Shoshitaishvili, Yan and Wang, Ruoyu and Salls, Christopher and Stephens, Nick and Polino, Mario and Dutcher, Audrey and Grosen, John and Feng, Siji and Hauser, Christophe and Kruegel, Christopher and Vigna, Giovanni},
  booktitle={IEEE Symposium on Security and Privacy},
  year={2016}
}

@inproceedings{angr2,
  title={Driller: Augmenting Fuzzing Through Selective Symbolic Execution},
  author={Stephens, Nick and Grosen, John and Salls, Christopher and Dutcher, Audrey and Wang, Ruoyu and Corbetta, Jacopo and Shoshitaishvili, Yan and Kruegel, Christopher and Vigna, Giovanni},
  booktitle={Network and Distributed System Security Symposium},
  year={2016}
}

@article{arcuri2013really,
  title={It really does matter how you normalize the branch distance in search-based software testing},
  author={Arcuri, Andrea},
  journal={Software Testing, Verification and Reliability},
  volume={23},
  number={2},
  pages={119--147},
  year={2013},
  publisher={Wiley Online Library}
}

@inproceedings{angr3,
  title={Firmalice - Automatic Detection of Authentication Bypass Vulnerabilities in Binary Firmware},
  author={Shoshitaishvili, Yan and Wang, Ruoyu and Hauser, Christophe and Kruegel, Christopher and Vigna, Giovanni},
  booktitle={NDSS},
  year={2015}
}

@misc{lafintel,
  title = "Circumventing Fuzzing Roadblocks with Compiler Transformations",
  year = 2016,
  month = "August",
  author = "lafintel"
  }

@misc{DrFuzz,
  title = "{Dr.} {Fuzz}: Dynamic Fuzz Testing Extension",
  howpublished={\url{http://drmemory.org/docs/page\_drfuzz.html}},
  year = 2015
  }

@misc{SEGA,
  title = "{Southwest Experimental Garden Array}",
  howpublished = "\url{https://sega.nau.edu/home}"
  }

@misc{GoogleTest,
  title = "Google {Test}",
  howpublished="\url{https://github.com/google/googletest}",
  year = 2008
  }

@inproceedings{Pex,
  title={Pex--white box test generation for {.NET}},
  author={Tillmann, Nikolai and De Halleux, Jonathan},
  booktitle={Tests and Proofs},
  pages={134--153},
  year={2008}
}

@inproceedings{FeedControl,
 author = {Yatoh, Kohsuke and Sakamoto, Kazunori and Ishikawa, Fuyuki and Honiden, Shinichi},
 title = {Feedback-controlled Random Test Generation},
 booktitle = {Proceedings of the 2015 International Symposium on Software Testing and Analysis},
 series = {ISSTA 2015},
 year = {2015},
 isbn = {978-1-4503-3620-8},
 location = {Baltimore, MD, USA},
 pages = {316--326},
 numpages = {11},
 url = {http://doi.acm.org/10.1145/2771783.2771805},
 doi = {10.1145/2771783.2771805},
 acmid = {2771805},
 publisher = {ACM},
 address = {New York, NY, USA},
 keywords = {Diversity, Random testing, Test generation},
} 



@misc{Manticore,
  howpublished = "\url{https://blog.trailofbits.com/2017/04/27/manticore-symbolic-execution-for-humans/}",
  year = 2017,
  month = "April",
  author = "Mark Mossberg"
  }

@article{S2E,
  title={The {S2E} platform: Design, implementation, and applications},
  author={Chipounov, Vitaly and Kuznetsov, Volodymyr and Candea, George},
  journal={ACM Transactions on Computer Systems (TOCS)},
  volume={30},
  number={1},
  pages={2},
  year={2012},
  publisher={ACM}
}
  

@inproceedings{StatDebug,
author = {Liblit, Ben and Naik, Mayur and Zheng, Alice X. and Aiken, Alex and Jordan, Michael I.},
title = {Scalable Statistical Bug Isolation},
booktitle = {ACM SIGPLAN Conference on Programming Language Design and Implementation},
year = {2005},
pages = {15--26}
} 

@inproceedings{WODACommon,
author = {Groce, Alex and Erwig, Martin},
title = {Finding Common Ground: Choose, Assert, and Assume},
booktitle = {International Workshop on Dynamic Analysis},
year = {2012},
pages = {12--17}
} 


@inproceedings{StatDebug2,
author = "A. Zheng and M. I. Jordan and B. Liblit and M. Naik and A. Aiken",
title = "Statistical Debugging:  Simultaneous Identification of Multiple Bugs",
booktitle = "International Conference on Machine Learning",
year = "2006"
}

@inproceedings{DesignTest,
author = "B. Pettichord",
title = "Design for Testability",
booktitle = "Pacific Northwest Software Quality Conference",
year = "2002",
month = oct
}

@inproceedings{LearnAssume,
author = "J. Cobleigh and D. Giannakopoulou and C. P\u{a}s\u{a}reanu",
title = "Learning assumptions for compositional verification",
booktitle = "Tools and Algorithms for the Construction and Analysis of Systems", 
year = "2003",
pages = "331--346"
}

@inproceedings{Bandera,
title = "Bandera:  Extracting Finite-State Models from Java Source Code",
year = 2000,
booktitle = "International Conference on Software Engineering",
pages = "439--448",
author = "James Corbett and Matthew Dwyer and John Hatcliff and Shawn Laubach and Corina S. Pasareanu and Hongjun Zheng"
}

@inproceedings{NuSMV,
author = "A. Cimatti and E. Clarke and E. Giunchiglia and F. Giunchiglia and M. Pistore and M. Roveri and R. Sebastiani and A. Tacchella",
title = "{NuSMV} 2: An {OpenSource} Tool for Symbolic Model Checking",
booktitle = "Computer-Aided Verification",
year = "2002",
pages = "359--364"
}


@article{Lucas,
author = "P. Lucas",
title = "Analysis of Notions of Diagnosis",
journal = "Artificial Intelligence",
volume = "105",
number = "1--2",
pages = "295--343",
year = "1998"
}

@article{Fuzz,
author = "B. P. Miller and L. Fredriksen and B. So",
title = "An Empirical Study of the Reliability of {UNIX} Utilities",
journal = "Communications of the ACM",
volume = "105",
number = "33(12)",
pages = "32--44",
year = "1990"
}

@inproceedings{TreeLike,
author = "E. Clarke and S. Jha and Y. Lu and H. Veith",
title = "Tree-Like Counterexamples in Model Checking",
booktitle = "IEEE Symposium on Logic in Computer Science",
year = "2002"
}

@book{Hume1,
author = "D. Hume",
title = "A Treatise of Human Nature",
publisher = "London",
year = "1739"
}

@book{Hume2,
author = "D. Hume",
title = "An Enquiry Concerning Human Understanding",
publisher = "London",
year = "1748"
}

@book{CausationBook,
editor = "E. Sosa and M. Tooley",
title = "Causation",
publisher = "Oxford University Press",
year = "1993"
}

@inproceedings{Qadeer,
author = "Shaz Qadeer and Jakob Rehof",
title = "Context-Bounded Model Checking of Concurrent Software",
booktitle = "Tools and Algorithms for the Construction and Analysis of Systems",
month = apr,
year=2005,
pages={93--107}
}


@article{MackieCause,
author = "J. Mackie",
title = "Causes and Conditions",
journal = "American Philosophical Quarterly",
volume = "2",
year = "1965",
pages = "245--264"
}

@incollection{Stalnaker,
author = "R. Stalnaker",
title = "A Theory of Conditionals",
booktitle = "Studies in Logical Theory",
year = "1968",
editor = "N. Rescher",
publisher = "Oxford University Press"
}


@article{ProbCause,
author = "W. Salmon",
title = "Probabilistic Causality",
journal = "Pacific Philosophical Quarterly",
volume = "61",
year = "1980",
pages = "50--74"
}

@article{LewisCause,
author = "D. Lewis",
title = "Causation",
journal = "Journal of Philosophy",
volume = "70",
year = "1973",
pages = "556--567"
}

@article{KimCause,
author = "J. Kim",
title = "Causes and Counterfactuals",
journal = "Journal of Philosophy",
volume = "70",
year = "1973",
pages = "570--572"
}

@inbook{HorwichCause,
author = "P. Horwich",
title = "Asymmetries in Time",
year = "1987",
pages = "167--176"
}

@book{Counterfactuals,
author = "D. Lewis",
title = "Counterfactuals",
publisher = "Harvard University Press",
year = "1973 [revised printing 1986]"
}

@inproceedings{SPIN03,
author = "A. Groce and W. Visser",
title = "What Went Wrong:  Explaining Counterexamples",
booktitle = "SPIN Workshop on Model Checking of Software",
year = "2003",
pages = "121--135"
}


@inproceedings{GroceDist,
author = "Alex Groce",
title = "Error Explanation with Distance Metrics",
year = 2004,
booktitle = "Tools and Algorithms for the Construction and Analysis of Systems",
pages = "108--122"
}

@inproceedings{groce-structural,
author = "Alex Groce and Willem Visser",
title = "Model Checking Java Programs using Structural Heuristics",
booktitle = "International Symposium on Software Testing and Analysis",
year = "2002",
pages = "12--21"
}

@techreport{backtrace,
author = "Ben Liblit and Alex Aiken",
title = "Building a Better Backtrace: Techniques for Postmortem Program Analysis",
number = "UCB CSD-02-1203",
institution = "Computer Science Division, University of California at Berkeley", 
year = "2002"
}

@Inproceedings{Podgurski03,
author = "Podgurski, Andy and Leon, David and Francis, Patrick and Masri, Wes and Minch, Melinda and Sun, Jiayang and Wang, Bin",
title = "Automated support for classifying software failure reports",
booktitle = "International Conference on Software Engineering",
year = 2003,
pages = "465--475"
} 

@inproceedings{Podgurski04,
author = {Francis, Patrick and Leon, David and Minch, Melinda and Podgurski, Andy},
title = {Tree-Based Methods for Classifying Software Failures},
booktitle = "International Symposium on Software Reliability Engineering",
year = {2004},
pages = {451--462}
} 

@techreport{limmat,
author = "Armin Biere",
title = "The Evolution from {Limmat} to {Nanosat}",
number = "444",
institution = "Dept. of Computer Science, ETH Z\u{u}rich",
year = "2004"
}

@techreport{QL2,
author = "R. E. Parr",
title = "Hierarchical control and learning for {Markov} decision processes",
year = 1998,
institution = "University of California, Berkeley",
number = "PhD thesis"
}

@technicalreport{TR0208,
author = "A. Groce and W. Visser",
title = "What Went Wrong:  Explaining Counterexamples",
number = "02-08",
institution = "RIACS",
year = "2002",
}

@technicalreport{DarkoEval,
author = "Darko Marinov and A. Andoni and D. Daniliuc and Sarfraz Khurshid and Martin Rinard",
title = "An evaluation of exhaustive testing for data structures",
number = "MIT-LCS-TR-921",
institution = "MIT Computer Science and Artificial Intelligence Lab",
year = 2003
}

@technicalreport{Mota,
author = "E. Mota and W de Oliveira and J. Kanda",
title = "Specification and Verification Supported by {AI}:  a new Technological Era",
number = "RT-03/2002",
institution = "EsVIA",
year = "2003"
}

@inproceedings{Dangerous,
author    = {Stas Negara and
           Mohsen Vakilian and
           Nicholas Chen and
           Ralph E. Johnson and
           Danny Dig},
title     = {Is It Dangerous to Use Version Control Histories to Study Source Code
           Evolution?},
booktitle = {{ECOOP} 2012 - Object-Oriented Programming - 26th European Conference},
pages     = {79--103},
year      = {2012}
}

@inproceedings{SympCause,
author = "T. Ball and M. Naik and S. Rajamani",
title = "From Symptom to Cause:  Localizing Errors in Counterexample Traces",
booktitle = "Principles of Programming Languages",
year = "2003",
pages = "97--105"
}

@inproceedings{NearNeighbor,
author = "M. Renieris and S. Reiss",
title = "Fault Localization With Nearest Neighbor Queries",
booktitle = "Automated Software Engineering",
year = "2003"
}

@inproceedings{pdg,
author = "S. Horwitz and T. Reps",
title = "The Use of Program Dependence Graphs in Software Engineering.",
booktitle = "International Conference of Software Engineering",
year = "1992",
pages = "392--411"
}


@article{STTTHeur,
author = "Alex Groce and Willem Visser",
title = "Heuristics for model checking {Java} programs",
journal = "Software Tools for Technology Transfer",
volume = "6(4)",
year = 2004,
pages = "260--276"
}

@article{Bowring,
author = "James Bowring and James Rehg and Mary Jean Harrold",
title = "Active learning for automatic classification of software behavior",
booktitle = "International Symposium on Software Testing and Analysis",
year = 2004,
pages = "195--205"
}

@inproceedings{Brun,
author = "Yuriy Brun and Michael Ernst",
title = "Finding Latent Code Errors via Machine Learning over Program Execution",
year = 2004,
booktitle = "International Conference on Software Engineering",
pages = "480--490"
}

@inproceedings{EmpirReduce,
author = {Yu, Yanbing and Jones, James A. and Harrold, Mary Jean},
title = {An Empirical Study of the Effects of Test-suite Reduction on Fault Localization},
booktitle = {International Conference on Software Engineering},
year = {2008},
pages = {201--210}
} 


@inproceedings{Tarantula,
author = "James A. Jones and Mary Jean Harrold",
title = "Empirical evaluation of the {Tarantula} automatic fault-localization technique",
booktitle = "Automated Software Engineering",
pages = "273--282",
year = 2005
}

@article{Siemens,
author = "G. Rothermel and M. J. Harrold",
title = "Empirical Studies of a Safe Regression Test Selection Technique",
journal = "Software Engineering",
volume = "24(6)",
year = "1999",
pages = "401--419"
}

@inproceedings{TempQuery,
author = "W. Chan",
title = "Temporal-logic queries",
booktitle = "Computer-Aided Verification",
year = "2000",
pages = "450--463"
}

@inproceedings{ModelQuery,
author = "A. Gurfinkel and B. Devereux and M. Chechik",
title = "Model exploration with temporal logic query checking",
booktitle = "Foundations of Software Engineering",
year = "2002",
pages = "139--148"
}

@inproceedings{StructHeur,
author = "Alex Groce and Willem Visser",
title = "Model Checking {Java} Programs using Structural Heuristics",
booktitle = "International Symposium on Software Testing and Analysis", 
year = "2002",
pages = "12--21"
}

@inproceedings{uppaal,
  title={UPPAAL—a tool suite for automatic verification of real-time systems},
  author={Bengtsson, Johan and Larsen, Kim and Larsson, Fredrik and Pettersson, Paul and Yi, Wang},
  booktitle={International Hybrid Systems Workshop},
  pages={232--243},
  year={1995},
  organization={Springer}
}

@inproceedings{ModelFile,
author = "J. Yang and P. Twohey and D. Engler and and M. Musuvathi",
title = "Using Model Checking to Find Serious File System Errors",
booktitle = "Operating System Design and Implementation",
year = "2004",
pages = "273--288"
}

@book{SPIN,
author="Gerard J. Holzmann",
title="The {SPIN} Model Checker: Primer and Reference Manual",
publisher="Addison-Wesley Professional",
year="2003"}


@inproceedings{SLAM,
author = "T. Ball and S. Rajamani",
title = "Automatically Validating Temporal Safety Properties of Interfaces",
booktitle = "SPIN Workshop on Model Checking of Software",
year = "2001",
pages = "103--122"
}

@article{cate,
author = "Thomas J. Ostrand and Marc J. Balcer",
title = "The Category-Partition Method for Specifying and Generating Functional Tests",
year = 1988,
journal = "Communications of the ACM",
volume = 31,
number = 6,
pages = "676--686"
}

@article{MakeMost,
author = {Groce, Alex and Kroening, Daniel},
title = {Making the Most of {BMC} Counterexamples},
journal = {Electron. Notes Theor. Comput. Sci.},
issue_date = {March, 2005},
volume = {119},
number = {2},
month = mar,
year = {2005},
issn = {1571-0661},
pages = {67--81}
} 

@INPROCEEDINGS{Gastin04minimizationof,
author = {Paul Gastin and Pierre Moro and Marc Zeitoun},
title = {Minimization of counterexamples in {SPIN}},
booktitle = {SPIN Workshop on Model Checking of Software},
year = {2004},
pages = {92--108},
publisher = {Springer-Verlag}
}

@inproceedings{IsolThread,
author = "J. Choi and A. Zeller",
title = "Isolating Failure-Inducing Thread Schedules",
booktitle = "International Symposium on Software Testing and Analysis",
year = "2002",
pages = "210--220"
}

@inproceedings{Mut2000,
author = "J. Offutt and A. Abdurazik",
year = 2000,
booktitle = "Mutation 2000:  Mutation Testing in the Twentieth and the Twenty First Centuries"
}

@article{MutComp,
author = "R. Hamlet",
title = "Testing programs with the aid of a compiler",
year = 1977,
month = jul,
journal = "IEEE Transactions on Software Engineering",
volume = 3,
number = 4
}

@article{PracProg,
author = "R. A. DeMillo and R. J. Lipton and F. G. Sayward",
title = "Hints on test data selection:  Help for the practicing programmer",
journal = "Computer",
year = 1978,
month = apr,
volume = 4,
number = 11
}

@inproceedings{BallPred,
title = "A theory of predicate-complete test coverage and generation",
author = "Thomas Ball",
booktitle = "Formal Methods for Components and Objects",
pages = "1--22",
year = 2004
}

@misc{myxml,
author = "erezbibi",
howpublished = "\url{https://pypi.python.org/pypi/my_xml/0.1.1}"
}

@misc{delta,
author = "Scott McPeak and Daniel S. Wilkerson",
howpublished = "\url{http://delta.tigris.org}"
} 

@inproceedings{HDD,
author = {Misherghi, Ghassan and Su, Zhendong},
title = {HDD: hierarchical delta debugging},
booktitle = {International Conference on Software engineering},
year = {2006},
pages = {142--151}
} 





@misc{ABPLib,
title = "Adapatation-Based Programming Library in {Java}",
howpublished = "\url{http://groups.engr.oregonstate.edu/abp/}"
}

@misc{challenger,
title = "Report of the Presidential Comission on the Space Shuttle {Challenger} Accident",
howpublished  = "\url{http://history.nasa.gov/rogersrep/51lcover.htm}"
}

@misc{lars,
howpublished = "\url{http://eis.jpl.nasa.gov/lars}"
}

@inproceedings{CIL,
author = "George Necula and Scott McPeak and Shree P. Rahul and Westley Weimer",
title = "{CIL}: Intermediate Language and Tools for Analysis and Transformation of {C} Programs",
booktitle = "International Conference on Compiler Construction",
year = "2002",
pages = "213--228"
}

@book{CLR,
author = "Thomas Cormen and Charles Leiserson and Ronald Rivest and Clifford Stein",
title = "Introduction to Algorithms: Second Edition",
year = 2001,
publisher = "MIT Press"
}

@book{Weiss, 
author = "Mark Allen Weiss",
title = "Data Structures and Algorithm Analysis in {Java}",
year = 1998,
pubilshed = "Addisen Wesley"
}

@unpublished{ACL2Flash,
author = "J. Erickson and R. Joshi",
title = "Proving Correctness of a {Flash} Filesystem in {ACL2}",
year = "2006",
note = "Unpublished manuscript in preparation"
}

@unpublished{KnuthBugs,
author = "D. Knuth",
title = "Notes on the van {Emde Boas} construction of priority deques:  {An} instructive use of recursion",
year = "1977",
note = "Letter to Peter van Emde Boas"
}

@unpublished{SelPred,
author = "N. Dodoo and A. Donovan and L. Lin and M. Ernst",
title =  "Selecting Predicates for Implications in Program Analysis",
url = 
"http://pag.lcs.mit.edu/~mernst/pubs/invariants-implications-abstract.html",
year = "2000",
note = "\url{http://pag.lcs.mit.edu/~mernst/pubs/invariants-implications.ps}",
viewed =  "September 6th, 2002"
}

@inproceedings{DBB,
author = {Baudry, Benoit and Fleurey, Franck and Le Traon, Yves},
title = {Improving test suites for efficient fault localization},
booktitle = {International Conference on Software Engineering},
year = {2006},
isbn = {1-59593-375-1},
pages = {82--91},
numpages = {10},
url = {http://doi.acm.org/10.1145/1134285.1134299},
doi = {10.1145/1134285.1134299},
acmid = {1134299},
keywords = {diagnosis, mutation analysis, test generation},
} 

@inproceedings{Readable,
author    = {Ermira Daka and
           Jos{\'{e}} Campos and
           Gordon Fraser and
           Jonathan Dorn and
           Westley Weimer},
title     = {Modeling readability to improve unit tests},
booktitle = {Foundations of Software
           Engineering, {ESEC/FSE}},
pages     = {107--118},
year      = {2015}
}

@inproceedings{Guava,
author    = {Ermira Daka and
           Jos{\'{e}} Campos and
           Jonathan Dorn and
           Gordon Fraser and
           Westley Weimer},
title     = {Generating Readable Unit Tests for {Guava}},
booktitle = {Search-Based Software Engineering - 7th International Symposium, {SSBSE}
           2015, Bergamo, Italy, September 5-7, 2015, Proceedings},
pages     = {235--241},
year      = {2015}
}

@inproceedings{Daikon,
author = "Michael Ernst and Jake Cockrell and William Griswold and David Notkin",
title = "Dynamically Discovering Likely Program Invariants to Support Program Evolution",
booktitle = "International Conference on Software Engineering", 
pages = "213--224",
year = "1999"
}

@inproceedings{AssumGen,
author = "D. Giannakopoulou and C. P\u{a}s\u{a}reanu and H. Barringer",
title = "Assumption Generation for Software Component Verification",
booktitle = "Automated Software Engineering",
year = "2002",
pages = "3--12"
}

@inproceedings{RandFormal,
author = "Andrea Arcuri and Muhammad Zohaib Z. Iqbal and Lionel C. Briand",
title = "Formal Analysis of the effectiveness and predictability of random testing",
year = 2010,
booktitle = "International Symposium on Software Testing and Analysis",
pages = "219--230"
}



@inproceedings{NFM15,
title = "A Little Language for Testing",
author = {Alex Groce and Jervis Pinto},
year = 2015,
booktitle = {NASA Formal Methods Symposium},
pages = "204--218"
}

@inproceedings{ISSTA15,
title = "{TSTL}: a Language and Tool for Testing (Demo)",
author = "Alex Groce and Jervis Pinto and Pooria Azimi and Pranjal Mittal",
year = 2015,
booktitle = "ACM International Symposium on Software Testing and Analysis",
pages = "414-417"
}

@inproceedings{RemoteAgent,
author = "K. Havelund and M. Lowry and S. Park and C. Pecheur and J. Penix and W. Visser and J. White",
title = "Formal Analysis of the Remote Agent Before and After Flight",
booktitle = "Proceedings of the 5th NASA Langley Formal Methods  Workshop", 
year = "2000"
}

@misc{swarmtools,
  title = "{Swarmed versions of random testing tools}",
  author = "Alex Groce and Yang Chen and John Regehr and Chaoqiang Zhang and Amin Alipour",
  howpublished = "{https://github.com/agroce/swarmed\_tools}"
  }

@inproceedings{MAGIC,
author = "S. Chaki and E. Clarke and A. Groce and  S. Jha and H. Veith",
title = "Modular Verification of Software Components in {C}",
booktitle = "International Conference on Software Engineering",
year = "2003",
pages = "385--395"
}

@InProceedings{AlipourETAL16TestReduction,
  author =       {Mohammad Amin Alipour and August Shi and Rahul Gopinath and Darko Marinov and Alex Groce},
  title =        {Evaluating Non-Adequate Test-Case Reduction},
  booktitle =    "31st IEEE/ACM Conference on Automated Software Engineering",
  pages =        {16--26},
  month =        Sep,
  year =         2016
}


@inproceedings{DynSlice,
author = "X. Zhang and R. Gupta and Y. Zhang",
title = "Precise Dynamic Slicing Algorithms",
booktitle = "International Conference on Software Engineering",
year = "2003",
pages = "319--329"
}

@inproceedings{SymExCrit,
author = "A Coen-Porisini and G. Denaro and C. Ghezzi and M. Pezze",
title = "Using Symbolic Execution for Verifying Safety-Critical Systems",
booktitle = "European Software Engineering Conference/Foundations of Software Engineering",
year = "2001",
pages = "142--151"
}


@inproceedings{CountWitness,
author = "E. Clarke and O. Grumberg and K. McMillan and X. Zhao",
title = "Efficient generation of counterexamples and witnesses in symbolic model checking",
booktitle = "Design Automation Conference",
year = "1995",
pages = "427--432"
}

@inproceedings {BLASTLazy,
author = "Thomas A. Henzinger and Ranjit Jhala and Rupak Majumdar and Gregoire Sutre",
title = "Lazy Abstraction",
booktitle = "Principles of Programming Languages",
year = "2002",
pages = "58--70"
}

@inproceedings{FreeWill,
author = "H. Jin and K. Ravi and F. Somenzi",
title = "Fate and Free Will in Error Traces",
booktitle = "Tools and Algorithms for the Construction and Analysis of Systems",
pages = "445--458",
year = "2002"
}

@inproceedings{ProofLike,
author = "M. Chechik and A. Gurfinkel",
title = "Proof-Like Counter-Examples",
booktitle = "Tools and Algorithms for the Construction and Analysis of Systems",
year = "2003",
pages = "160--175"
}

@inproceedings{EvidenceBased,
author = "L. Tan and R. Cleaveland",
title = "Evidence-Based Model Checking",
booktitle = "Computer-Aided Verification",
year = "2002",
pages = "455--470"
}

@inproceedings{DEOS,
author = "J. Penix and W. Visser and E. Engstrom and A. Larson and N.  Weininger",
title = "Verification of Time Partitioning in the {DEOS} Scheduler Kernel",
booktitle = "International Conference on Software Engineering", 
pages = "488--497",
year = "2000"
}

@inproceedings{TestVer,
author = "N. Sharygina and D. Peled",
title = "A Combined Testing and Verification Approach for Software Reliability",
booktitle = "Formal Methods for Increasing Software Productivity, International Symposium of Formal Methods Europe",
pages = "611--628",
year = "2001"
}

@inproceedings{WhiteBox,
author = "Patrice Godefroid and Michael Y. Levin and David A. Molnar",
title = "Automated Whitebox Fuzz Testing",
year = 2008,
booktitle = "Proceedings of the Network and Distributed System Security Symposium"
}

@inproceedings{csmith,
author = "Xuejun Yang and Yang Chen and Eric Eide and John Regehr",
title = "Finding and Understanding Bugs in {C} Compilers",
booktitle = "ACM SIGPLAN Conference on Programming Language Design and Implementation",
year = 2011,
pages = "283--294"
}

@article{swarmIEEE,
author = "Gerard Holzmann and Rajeev Joshi and Alex Groce",
title = "Swarm Verification Techniques",
journal = "IEEE Transactions on Software Engineering",
volume = {37},
number = {6},
year = 2011,
pages = "845--857"
}

@inproceedings{XuMG08,
author    = {Ru-Gang Xu and
           Rupak Majumdar and
           Patrice Godefroid},
title     = {Testing for Buffer Overflows with Length Abstraction},
booktitle = {International Symposium on Software Testing and Analysis},

year      = {2008},
pages = "19--28"
}

@misc{cloc,
title = "{CLOC}: Count Lines of Code",
howpublished = "\url{https://github.com/AlDanial/cloc}",
author = "Al Danial"
}

@misc{tstl,
title = "{TSTL}: the template scripting testing language",
author = "Alex Groce and Jervis Pinto and Pooria Azimi and Pranjal Mittal and Josie Holmes and Kevin Kellar",
howpublished = "\url{https://github.com/agroce/tstl}",
month = "May",
year = "2015"
}

@misc{avltree,
title = "python {AVL} tree insertion",
author = "user1689822",
howpublished = "\url{http://stackoverflow.com/questions/12537986/python-avl-tree-insertion}",
year = 2012,
month = "September"
}

@inproceedings{swarmVer,
author = "Gerard Holzmann and Rajeev Joshi and Alex Groce",
title = "Swarm Verification",
booktitle = "Automated Software Engineering",
year = 2008,
pages = "1--6"
}

@Article{Hunter:2007,
Author    = {Hunter, J. D.},
Title     = {Matplotlib: A 2D graphics environment},
Journal   = {Computing In Science \& Engineering},
Volume    = {9},
Number    = {3},
Pages     = {90--95},
abstract  = {Matplotlib is a 2D graphics package used for Python
for application development, interactive scripting, and
publication-quality image generation across user
interfaces and operating systems.},
publisher = {IEEE COMPUTER SOC},
year      = 2007
}



@inproceedings{swarm,
author = "Gerard Holzmann and Rajeev Joshi and Alex Groce",
title = "Tackling Large Verification Problems with the Swarm Tool",
booktitle = "SPIN Workshop on Model Checking of Software",
year = 2008,
pages = "134--143"
}

@inproceedings{slippage,
author = "Josie Holmes and Alex Groce and Amin Alipour",
title = "Mitigating (and Exploiting) Test Reduction Slippage",
year = 2016,
booktitle = "Workshop on Automated Software Testing"
}

@inproceedings{SMART,
author = {Patrice Godefroid},
title = "Compositional dynamic test generation",
year = 2007,
booktitle = "Principles of Programming Languages",
pages = "47--54"
}

@misc{MutPy,
title = "{MutPy} 0.4.0",
author = "Konrad Halas",
howpublished="\url{https://pypi.python.org/pypi/MutPy/0.4.0}"
}

@misc{NumPy,
title = "{NumPy}",
howpublished = "\url{http://www.numpy.org}"
}

@misc{SortedContainers,
title = "{SortedContainers} Introduction",
author = "Grant Jenks",
howpublished = "\url{http://www.grantjenks.com/docs/sortedcontainers/introduction.html}"
}

@misc{SymPy,
title = "{SymPy}",
howpublished = "\url{http://www.sympy.org/en/index.html}"
}

@misc{ArcPy,
title = "What is {ArcPy}?",
howpublished = "\url{http://resources.arcgis.com/EN/HELP/MAIN/10.1/index.html#//000v000000v7000000}"
}

@article{bhattacharya2012automated,
  title={Automated, highly-accurate, bug assignment using machine learning and tossing graphs},
  author={Bhattacharya, Pamela and Neamtiu, Iulian and Shelton, Christian R},
  journal={Journal of Systems and Software},
  volume={85},
  number={10},
  pages={2275--2292},
  year={2012},
  publisher={Elsevier}
}

@inproceedings{fprime,
  title = "F Prime: An Open-Source Framework for Small-Scale Flight Software Systems",
  author = "Robert Bocchino and Timothy Canham and Garth Watney and Leonard Reder and Jeffrey Levison",
  booktitle = "Small Satellite Conference",
  year = 2018
}

@misc{CubeSat,
  title = "{CubeSat} Launch Initiative",
  howpublished = "\url{https://www.nasa.gov/content/about-cubesat-launch-initiative}",
  year = 2018,
  author = "{National Aeronautics and Space Administration}"
  }

@misc{fprimerepo,
  title = "F Prime: A Flight-Proven, Multi-Platform, Open-Source Flight Software Framework",
  author = "{NASA}",
  year = 2018,
  howpublished = "\url{https://github.com/nasa/fprime}"
  }

@misc{testfsrepo,
  title = "Test Harness for TestFS",
  author = "Alex Groce",
  year = 2018,
  howpublished = "\url{https://github.com/agroce/testfs}"
  }

@misc{jsfunfuzz2,
title = "Releasing jsfunfuzz and {DOMFuzz}",
author = "Jesse Ruderman",
year = 2015,
howpublished = "\url{https://www.squarefree.com/2015/07/28/releasing-jsfunfuzz-and-domfuzz/}"
}

@misc{jsfunfuzz,
title = "Introducing jsfunfuzz",
year = 2007,
note = "\url{http://www.squarefree.com/2007/08/02/introducing-jsfunfuzz/}",
author = "Jesse Ruderman"
}

@misc{lithium,
title = "Bug 329066 - {Lithium}, a testcase reduction tool (delta debugger)",
author = "Jesse Ruderman",
year = 2006,
howpublished = "\url{https://bugzilla.mozilla.org/show_bug.cgi?id=329066}"
}

@misc{JPF,
title = "{JPF}: the swiss army knife of {Java(TM)} verification",
howpublished = "\url{http://babelfish.arc.nasa.gov/trac/jpf}"
}

@inproceedings{sglib,
author =       "Marian Vittek and Peter Borovansky and Pierre-Etienne Moreau",
title =        "A Simple Generic Library for {C}",
year =         "2006",
pages =        "423-426",
booktitle =    {Int. Conference on Software Reuse}
}

@misc{lobo,
title = "The {Lobo} Project",
howpublished = "\url{http://lobobrowser.org}"
}

@inproceedings{just2014defects4j,
  title={{Defects4J}: A database of existing faults to enable controlled testing studies for Java programs},
  author={Just, Ren{\'e} and Jalali, Darioush and Ernst, Michael D},
  booktitle={Proceedings of the 2014 International Symposium on Software Testing and Analysis},
  pages={437--440},
  year={2014},
  organization={ACM}
}

@misc{CREST,
title = "{CREST}: automatic test generation tool for {C}",
howpublished = "\url{http://code.coogle.com/p/crest}"
}

@inproceedings{SuiteEval,
 author = {Gopinath, Rahul and Jensen, Carlos and Groce, Alex},
 title = {Code Coverage for Suite Evaluation by Developers},
 booktitle = {Proceedings of the 36th International Conference on Software Engineering},
 series = {ICSE 2014},
 year = {2014},
 isbn = {978-1-4503-2756-5},
 location = {Hyderabad, India},
 pages = {72--82},
 numpages = {11},
 url = {http://doi.acm.org/10.1145/2568225.2568278},
 doi = {10.1145/2568225.2568278},
 acmid = {2568278},
 publisher = {ACM},
 address = {New York, NY, USA},
 keywords = {evaluation of coverage criteria, statistical analysis, test frameworks},
} 

@inproceedings{DirSwarm,
 author = {Alipour, Mohammad Amin and Groce, Alex and Gopinath, Rahul and Christi, Arpit},
 title = {Generating Focused Random Tests Using Directed Swarm Testing},
 booktitle = {Proceedings of the 25th International Symposium on Software Testing and Analysis},
 series = {ISSTA 2016},
 year = {2016},
 isbn = {978-1-4503-4390-9},
 location = {Saarbr\&\#252;cken, Germany},
 pages = {70--81},
 numpages = {12},
 url = {http://doi.acm.org/10.1145/2931037.2931056},
 doi = {10.1145/2931037.2931056},
 acmid = {2931056},
 publisher = {ACM},
 address = {New York, NY, USA},
 keywords = {random testing, regression testing, swarm testing},
} 

@inproceedings{AutoTestFaults,
  title={Do automatically generated unit tests find real faults? an empirical study of effectiveness and challenges (t)},
  author={Shamshiri, Sina and Just, Rene and Rojas, Jose Miguel and Fraser, Gordon and McMinn, Phil and Arcuri, Andrea},
  booktitle={Automated Software Engineering (ASE), 2015 30th IEEE/ACM International Conference on},
  pages={201--211},
  year={2015},
  organization={IEEE}
}

@ARTICLE{doESE05,
author = {Hyunsook Do and Sebastian G. Elbaum and Gregg Rothermel},
title = {Supporting Controlled Experimentation with Testing Techniques: An
    Infrastructure and its Potential Impact},
journal = {Empirical Softw. Engg.},
year = {2005},
volume = {10},
pages = {405--435},
longjournal = {Empirical Software Engineering},
longnumber = {4}
}

@inproceedings{GodefroidKS05,
author    = {Patrice Godefroid and
           Nils Klarlund and
           Koushik Sen},
title     = {{DART:} directed automated random testing},
booktitle = {Programming Language Design and Implementation},
pages = "213--223",
year      = {2005}
}

@article{MLGlossary,
title = "Glossary of Terms",
journal = "Journal of Machine Learning",
year = 1998,
volume = 30,
pages = "271--274",
author = "Ron Kohavi and Foster Provost"
}

@inproceedings{SenMA05,
author    = {Koushik Sen and
           Darko Marinov and
           Gul Agha},
title     = {{CUTE:} a concolic unit testing engine for {C}},
booktitle = {Foundations of Software Engineering},
pages = "262--272",
year      = {2005}
}

@inproceedings{CFV08,
author = "Alex Groce and Gerard Holzmann and Rajeev Joshi and Ru-Gang Xu",
title = "Putting Flight Software Through the Paces with Testing, Model Checking, and Constraint-Solving",
booktitle = "Workshop on Constraints in Formal Verification",
pages = "1--15",
year = 2008
}

@book{ReinforceBook,
author = "Richard Sutton and Andrew Barto",
title = "Reinforcement Learning: an Introduction",
year = 1998,
publisher = "MIT Press"
}

@inproceedings{CadarGPDE06,
author    = {Cristian Cadar and
           Vijay Ganesh and
           Peter Pawlowski and
           David Dill and
           Dawson Engler},
title     = {{EXE:} automatically generating inputs of death},
booktitle = {Conference on Computer and Communications Security},
pages = "322--335",
year      = {2006}
}

@inproceedings{codesurfer,
author = "P. Anderson and T. Teitelbaum",
title = "Software inspection using codesurfer",
booktitle = "Workshop on Inspection in Software Engineering",
year = "2001"
}

@inproceedings{Autopilot,
author = "O. Tkachuk and G. Brat and W. Visser",
title = "Using Code Level Model Checking To Discover Automation Surprises",
booktitle = "Digital Avionics Systems Conference",
year = "2002"
}

@inproceedings{WODA08,
author = "Alex Groce and Rajeev Joshi",
title = "Random Testing and Model Checking:  Building a Common Framework for Nondeterministic Exploration",
booktitle = "Workshop on Dynamic Analysis",
pages = "22--28",
year = 2008
}


@inproceedings{MiniChall,
author = "Rajeev Joshi and Gerard Holzmann",
title = "A Mini-Challenge: Build A Verifiable Filesystem",
booktitle = "The Conference on Verified Software:  Theories, Tools, Experiments",
year = 2005
}

@inproceedings{Malicious,
author = "Junfeng Yang and Can Sar and Paul Twohey and Cristian Cadar and Dawson Engler",
title = "Automatically Generating Malicious Disks using Symbolic Execution",
booktitle = "IEEE Symposium on Security and Privacy",
year = "2006",
pages = "243--257"
}

@inproceedings{Guzdial,
 author = {Guzdial, Mark},
 title = {A Media Computation Course for Non-majors},
 booktitle = {Proceedings of the 8th Annual Conference on Innovation and Technology in Computer Science Education},
 series = {ITiCSE '03},
 year = {2003},
 isbn = {1-58113-672-2},
 location = {Thessaloniki, Greece},
 pages = {104--108},
 numpages = {5},
 url = {http://doi.acm.org/10.1145/961511.961542},
 doi = {10.1145/961511.961542},
 acmid = {961542},
 publisher = {ACM},
 address = {New York, NY, USA},
 keywords = {multimedia, non-majors, programming},
} 



@inproceedings{ZhendongPLDI14,
  author    = {Vu Le and
               Mehrdad Afshari and
               Zhendong Su},
  title     = {Compiler validation via equivalence modulo inputs},
  booktitle = {{ACM} {SIGPLAN} Conference on Programming Language Design and Implementation},
  pages     = {216--226},
  year      = {2014}
}


@inproceedings{StorageError,
author = "Junfeng Yang and Can Sar and Dawson Engler",
title = "{EXPLODE:} A Lightweight, General System for Finding Serious Storage System Errors",
booktitle = "Operating System Design and Implementation",
year = "2006",
pages = "131--146"
}

@inproceedings{KimSPIN,
author = "Moonzoo Kim and Yunja Choi and Yunho Kim and Hotae Kim",
title = "Formal Verification of a Flash Memory Device Driver --- an Experience Report",
booktitle = "SPIN Workshop on Model Checking of Software",
year = 2008,
pages = "144--159"
}

@inproceedings{dewey2015fuzzing,
  title={Fuzzing the Rust Typechecker Using CLP (T)},
  author={Dewey, Kyle and Roesch, Jared and Hardekopf, Ben},
  booktitle={Automated Software Engineering (ASE), 2015 30th IEEE/ACM International Conference on},
  pages={482--493},
  year={2015},
  organization={IEEE}
}

@inproceedings{le2015randomized,
  title={Randomized stress-testing of link-time optimizers},
  author={Le, Vu and Sun, Chengnian and Su, Zhendong},
  booktitle={Proceedings of the 2015 International Symposium on Software Testing and Analysis},
  pages={327--337},
  year={2015},
  organization={ACM}
}


@inproceedings{beginnerluck,
  title={Beginner's Luck: A Language for Property-Based Generators},
  author={Lampropoulos, Leonidas and Gallois-Wong, Diane and Hritcu, Catalin and Hughes, John and Pierce, Benjamin C and Xia, Li-yao},
  booktitle = "{ACM} {SIGPLAN} Symposium on Principles of Programming Languages",
  year={2017}
}


@inproceedings{ZhendongPLDI17,
  author    = {Qirun Zhang and
               Chengnian Sun and
               Zhendong Su},
  title     = {Skeletal program enumeration for rigorous compiler testing},
  booktitle = {Proceedings of the 38th {ACM} {SIGPLAN} Conference on Programming
               Language Design and Implementation, {PLDI} 2017, Barcelona, Spain,
               June 18-23, 2017},
  pages     = {347--361},
  year      = {2017},
  crossref  = {DBLP:conf/pldi/2017},
  url       = {http://doi.acm.org/10.1145/3062341.3062379},
  doi       = {10.1145/3062341.3062379},
  timestamp = {Mon, 19 Jun 2017 08:37:26 +0200},
  biburl    = {http://dblp.org/rec/bib/conf/pldi/ZhangSS17},
  bibsource = {dblp computer science bibliography, http://dblp.org}
}


@inproceedings{Onward14,
 author = {Groce, Alex and Alipour, Mohammad Amin and Gopinath, Rahul},
 title = {Coverage and Its Discontents},
 booktitle = {Proceedings of the 2014 ACM International Symposium on New Ideas, New Paradigms, and Reflections on Programming \& Software},
 series = {Onward! 2014},
 year = {2014},
 isbn = {978-1-4503-3210-1},
 location = {Portland, Oregon, USA},
 pages = {255--268},
 numpages = {14},
 url = {http://doi.acm.org/10.1145/2661136.2661157},
 doi = {10.1145/2661136.2661157},
 acmid = {2661157},
 publisher = {ACM},
 address = {New York, NY, USA},
 keywords = {coverage, evaluation, testing},
} 



@inproceedings{DirectedSwarm,
 author = {Alipour, Mohammad Amin and Groce, Alex and Gopinath, Rahul and Christi, Arpit},
 title = {Generating Focused Random Tests Using Directed Swarm Testing},
 booktitle = {Proceedings of the 25th International Symposium on Software Testing and Analysis},
 series = {ISSTA 2016},
 year = {2016},
 isbn = {978-1-4503-4390-9},
 location = {Saarbr\&\#252;cken, Germany},
 pages = {70--81},
 numpages = {12},
 url = {http://doi.acm.org/10.1145/2931037.2931056},
 doi = {10.1145/2931037.2931056},
 acmid = {2931056},
 publisher = {ACM},
 address = {New York, NY, USA},
 keywords = {random testing, regression testing, swarm testing},
}


@inproceedings{ASEAdeq,
  author    = {Mohammad Amin Alipour and
               August Shi and
               Rahul Gopinath and
               Darko Marinov and
               Alex Groce},
  title     = {Evaluating non-adequate test-case reduction},
  booktitle = {{IEEE/ACM} International Conference on Automated
               Software Engineering},
  pages     = {16--26},
  year      = {2016}
}


@inproceedings{KimASE,
author = "Moonzoo Kim and Yunho Kim and Hotae Kim",
title = "Unit Testing of Flash Memory Device Driver through a {SAT}-Based Model Checker",
booktitle = "Automated Software Engineering",
year = 2008,
pages = "198--207"
}

@article{stvrcausereduce,
title={Cause Reduction: Delta-Debugging, Even without Bugs},
author={Groce, Alex and Alipour, Mohammad Amin and Zhang, Chaoqiang and Chen, Yang and Regehr, John},
journal = {Journal of Software Testing, Verification, and Reliability},  
year = 2016,
volume = 26,
number = 1,
pages = {40--68}
}

@inproceedings{icst2014,
title={Cause Reduction for Quick Testing},
author={Groce, Alex and Alipour, Mohammad Amin and Zhang, Chaoqiang and Chen, Yang and Regehr, John},
booktitle={IEEE International Conference on Software Testing, Verification and Validation},
year={2014},
pages={243-252},
organization={IEEE}
}

@inproceedings{KimICST,
author = "Moonzoo Kim and Yunja Choi and Yunho Kim and Hotae Kim",
title = "Pre-testing Flash Device Driver through Model Checking Techniques",
booktitle = "International Conference on Software Testing, Verification, and Validation",
year = 2008,
pages = "475--484"
}


@inproceedings{WODA09,
author = "Alex Groce",
title = "({Quickly}) Testing the Tester via Path Coverage",
booktitle = "Workshop on Dynamic Analysis",
year = 2009
}

@inproceedings{PathSensitive,
author = "Matthew B. Dwyer and Suzette Person and Sebastian Elbaum",
title = "Controlling factors in evaluating path-sensitive error detection techniques",
booktitle = "Foundations of Software Engineering",
year = 2006,
pages = "92--104"
}

@inproceedings{JPFRandTest,
author = "Willem Visser and Corina P\u{a}s\u{a}reanu and Radek Pelanek",
title = "Test Input Generation for {Java} containers using state matching",
booktitle = "International Symposium on Software Testing and Analysis",
year = "2006",
pages = "37--48"
}

@article{JPF2,
author = "Willem Visser and Klaus Havelund and Guillaume Brat and SeungJoon Park and Flavio Lerda",
title = "Model Checking Programs",
journal = "Automated Software Engineering",
volume = "10",
number = "2",
year = "2003",
month = apr,
pages = "203--232"
}


@article{FaRM,
  author    = {Thierry Titcheu Chekam and
               Mike Papadakis and
               Tegawend{\'{e}} F. Bissyand{\'{e}} and
               Yves Le Traon and
               Koushik Sen},
  title     = {Selecting Fault Revealing Mutants},
  journal   = {CoRR},
  volume    = {abs/1803.07901},
  year      = {2018},
  url       = {http://arxiv.org/abs/1803.07901},
  archivePrefix = {arXiv},
  eprint    = {1803.07901},
  timestamp = {Mon, 13 Aug 2018 16:46:59 +0200},
  biburl    = {https://dblp.org/rec/bib/journals/corr/abs-1803-07901},
  bibsource = {dblp computer science bibliography, https://dblp.org}
}

@INPROCEEDINGS{MutQuality, 
author={M. Papadakis and T. T. Chekam and Y. Le Traon}, 
booktitle={2018 IEEE International Conference on Software Testing, Verification and Validation Workshops (ICSTW)}, 
title={Mutant Quality Indicators}, 
year={2018}, 
volume={}, 
number={}, 
pages={32-39}, 
keywords={program diagnostics;program testing;software fault tolerance;mutant quality indicators;mutant type;fault classes;mutation testing;disjoint mutant sets;dominator mutant sets;distinguished mutant sets;fault revealing mutants;subsuming mutants;hard-to-kill mutants;stubborn mutants;Switches;Tools;Conferences;Fault diagnosis;Programming;Software testing;mutation testing;fault revelation}, 
doi={10.1109/ICSTW.2018.00025}, 
ISSN={}, 
month={April},}

@inproceedings{RyderExcept,
author = "Chen Fu and Ryder, Barbara",
title = "Exception-Chain Analysis: Revealing Exception Handling Architecture in Java Server Applications",
year = 2007,
booktitle = "International Conference on Software Engineering",
pages = "230--239"
}

@inproceedings{ivankovic2018industrial,
  title={An Industrial Application of Mutation Testing: Lessons, Challenges, and Research Directions},
  author={Ivankovi{\'c}, Goran Petrovi{\'c} Marko and Kurtz, Bob and Ammann, Paul and Just, Ren{\'e}},
  booktitle={Proceedings of the International Workshop on Mutation Analysis (Mutation). IEEE Press, Piscataway, NJ, USA},
  pages={47--53},
  year={2018}
}

@inproceedings{MutGoogle,
 author = {Petrovi\'{c}, Goran and Ivankovi\'{c}, Marko},
 title = {State of Mutation Testing at Google},
 booktitle = {Proceedings of the 40th International Conference on Software Engineering: Software Engineering in Practice},
 series = {ICSE-SEIP '18},
 year = {2018},
 isbn = {978-1-4503-5659-6},
 location = {Gothenburg, Sweden},
 pages = {163--171},
 numpages = {9},
 url = {http://doi.acm.org/10.1145/3183519.3183521},
 doi = {10.1145/3183519.3183521},
 acmid = {3183521},
 publisher = {ACM},
 address = {New York, NY, USA},
} 


@inproceedings{Cobra,
 author = {Holzmann, Gerard J.},
 title = {Cobra: Fast Structural Code Checking (Keynote)},
 booktitle = {Proceedings of the 24th ACM SIGSOFT International SPIN Symposium on Model Checking of Software},
 series = {SPIN 2017},
 year = {2017},
 isbn = {978-1-4503-5077-8},
 location = {Santa Barbara, CA, USA},
 pages = {1--8},
 numpages = {8},
 url = {http://doi.acm.org/10.1145/3092282.3092313},
 doi = {10.1145/3092282.3092313},
 acmid = {3092313},
 publisher = {ACM},
 address = {New York, NY, USA},
 keywords = {interactive analysis, lexical analysis, regular expressions, static source code analysis, structural code analysis, token expressions},
} 

@misc{universalmutator,
  title = "Regexp based tool for mutating generic source code across numerous languages",
  author = {Groce, Alex and Holmes, Josie and Marinov, Darko and Shi, August and Zhang, Lingming},
  howpublished = {\url{https://github.com/agroce/universalmutator}},
  }

@inproceedings{regexpMut,
 author = {Groce, Alex and Holmes, Josie and Marinov, Darko and Shi, August and Zhang, Lingming},
 title = {An Extensible, Regular-expression-based Tool for Multi-language Mutant Generation},
 booktitle = {Proceedings of the 40th International Conference on Software Engineering: Companion Proceeedings},
 series = {ICSE '18},
 year = {2018},
 isbn = {978-1-4503-5663-3},
 location = {Gothenburg, Sweden},
 pages = {25--28},
 numpages = {4},
 url = {http://doi.acm.org/10.1145/3183440.3183485},
 doi = {10.1145/3183440.3183485},
 acmid = {3183485},
 publisher = {ACM},
 address = {New York, NY, USA},
 keywords = {multi-language tools, mutation testing, regular expressions},
} 


@inproceedings{mutKernel,
  author = "Iftekhar Ahmed and Carlos Jensen and Alex Groce and Paul E. McKenney",
  title = "Applying Mutation Analysis on Kernel Test Suites: an Experience Report",
  year = 2017,
  month = "March",
  pages = "110--115",
  booktitle = "International Workshop on Mutation Analysis"
  }
m

@techreport{CCT,
author = "Seokhyeon Mun and Yunho Kim and Moonzoo Kim",
title = "FIESTA:  Effective Fault Localization to Mitigate the Negative Effect of Coincidentally Correct Tests",
institution = "CS Dept. KAIST, South Korea",
month = "February",
year = 2014,
number = "CS-TR-2014-386"
}

@techreport{AndrewsTR,
author = "Jamie Andrews and Yihao Ross Zhang and Alex Groce",
title = "Comparing Automated Unit Testing Strategies",
institution = "Department of Computer Science, University of Western Ontario",
month = "December",
year = 2010,
number = 736
}

@techreport{tassey-nist,
    author = {Tassey, Gregory},
    citeulike-article-id = {3450366},
    citeulike-linkout-0 = {http://www.nist.gov/director/prog-ofc/report02-3.pdf},
    institution = {National Institute of Standards and Technology},
    keywords = {debugging, programming},
    month = may,
    posted-at = {2008-10-25 16:49:19},
    priority = {2},
    title = {The Economic Impacts of Inadequate Infrastructure for Software Testing},
    url = {http://www.nist.gov/director/prog-ofc/report02-3.pdf},
    year = {2002}
}

@techreport{posix,
    booktitle = {IEEE Std 1003.1, 2004 Edition. The Open Group Technical Standard. Base Specifications, Issue 6. Includes IEEE Std 1003.1-2001, IEEE Std 1003.1-2001/Cor 1-2002 and IEEE Std 1003.1-2001/Cor 2-2004. Shell and Utilities},
    citeulike-article-id = {1577260},
    citeulike-linkout-0 = {http://ieeexplore.ieee.org/xpls/abs_all.jsp?arnumber=1309816},
    journal = {IEEE Std 1003.1, 2004 Edition. The Open Group Technical Standard. Base Specifications, Issue 6. Includes IEEE Std 1003.1-2001, IEEE Std 1003.1-2001/Cor 1-2002 and IEEE Std 1003.1-2001/Cor 2-2004. Shell and Utilities},
    keywords = {ieee, operating, posix, shell, specification, system, systems, thread, threaded, threads, unix},
    posted-at = {2008-06-18 10:50:13},
    priority = {0},
    title = {Standard for information technology - portable operating system interface ({POSIX}). {Shell} and utilities},
    url = {http://ieeexplore.ieee.org/xpls/abs_all.jsp?arnumber=1309816},
    year = {2004}
}

@inproceedings{EvalAssoc,
author = "David Lo Lucia and Lingxiao Jiang and Aditya Budi",
title = "Comprehensive Evaluation of Association Measures for Fault Localization",
booktitle = "International Conference on Software Maintenance",
year = 2010,
pages = "1--10"
}

@misc{CodeCover, 
title = "{CodeCover} - an open-source glass-box testing tool",
howpublished = "\url{http://codecover.org/}"}

@misc{OSUPlatform, howpublished = "\url{http://eecs.oregonstate.edu/education/cspfl/index.php}"}

@misc{xie, howpublished = "\url{http://research.csc.ncsu.edu/ase/courses/csc712/2008fall/}"}

@misc{caltech, howpublished = "\url{http://www.cs.cmu.edu/~agroce/CS119}"}

@inproceedings{OSUPlat,
author = "Carlos Jensen and Eric Betts and Yunrim Park and Don Heer and Kevin Kemper and Ben Goska",
title = "Building a {CS} Platform for Learning: An Open Source Approach",
booktitle = "Integrating FOSS into the Undergraduate Computing Curriculum:  Free and Open Source Software (FOSS) Symposium",
year = 2009
}

@misc{marinov, howpublished = "\url{https://agora.cs.illinois.edu/display/cs498dmsp09/Home}"}

@misc{CBMC,
howpublished = "\url{http://www.cs.cmu.edu/~modelcheck/cbmc/}"
}

@misc{MSL,
howpublished = "\url{http://mars.jpl.nasa.gov/msl/}"
}

@misc{EVRJPL,
howpublished = "\url{http://stardust.jpl.nasa.gov/news/acronims.htm}"
}

@inproceedings{Heimdahl,
title = "Auto-generating test sequences using model checkers:  A case study",
author = "M. P. E. Heimdahl and S Rayadurgam and W. Visser and D. George and J. Gao",
booktitle = "International Workshop on Formal Approaches to Testing of Software (FATES)",
year = 2003
}

@inproceedings{NewChall,
author = "Gerard Holzmann and Rajeev Joshi and Alex Groce",
title = "New Challenges in Model Checking",
booktitle = "Symposium on 25 Years of Model Checking",
year = 2008,
pages = "65--76"
}



@inproceedings{Yesterday,
author    = {Andreas Zeller},
title     = {Yesterday, My Program Worked. Today, It Does Not. Why?},
booktitle = {ESEC / SIGSOFT Foundations of Software Engineering},
year      = {1999},
pages     = {253-267},
ee        = {http://dx.doi.org/10.1007/3-540-48166-4_16}
}

@inproceedings{CauseEffect,
author = "A. Zeller",
title = "Isolating Cause-Effect Chains from Computer Programs",
booktitle = "Foundations of Software Engineering",
year = "2002",
pages = "1--10"
}

@inproceedings{TestsFromCEs,
author = "D. Beyer and A. J. Chlipala and T. A. Henzinger and R. Jhala and R. Majumdar",
booktitle = "International Conference on Software Engineering",
year = 2004,
title = "Generating tests from counterexamples",
pages = "326--335"
}

@inproceedings{DynamicSlicing,
author = "Hiralal Agrawal and Jospeh R. Horgan",
title = "Dynamic program slicing",
booktitle = "Programming Language Design and Implementation",
year = "1990",
pages = "246--256"
}

@article{YooHarman,
author = {Yoo, S. and Harman, M.},
title = {Regression testing minimization, selection and prioritization: a survey},
journal = {Softw. Test. Verif. Reliab.},
issue_date = {March 2012},
volume = {22},
number = {2},
month = mar,
year = {2012},
pages = {67--120},
} 



@article{Tip,
author = "Frank Tip",
title = "A survey of program slicing techniques",
journal = "Journal of programming languages",
volume = "3",
pages = "121--189",
year = "1995"
}

@inproceedings{AutoAuto,
author = "R. Simmons and C. Pecheur",
title = "Automating Model Checking for Autonomous Systems",
booktitle = "AAAI Spring Symposium on Real-Time Autonomous Systems",
year = "2000"
}

@inproceedings{scriptstospecs,
author = "Alex Groce and Klaus Havelund and Margaret Smith",
title = "From Scripts to Specifications:  The Evolution of a Flight Software Testing Effort",  
booktitle = "International Conference on Software Engineering",
year = 2010,
pages = "129--138"
}

@inproceedings{groce2015verified,
  title={How verified is my code? falsification-driven verification},
  author={Groce, Alex and Ahmed, Iftekhar and Jensen, Carlos and McKenney, Paul E},
  booktitle={Automated Software Engineering (ASE), 2015 30th IEEE/ACM International Conference on},
  pages={737--748},
  year={2015},
  organization={IEEE}
}

@article{FuzzerHicks,
  title={Evaluating Fuzz Testing},
  author={Klees, George and Ruef, Andrew and Cooper, Benji and Wei, Shiyi and Hicks, Michael},
  journal={arXiv preprint arXiv:1808.09700},
  year={2018}
}

@article{groce2018verified,
  title={How verified (or tested) is my code? falsification-driven verification and testing},
  author={Groce, Alex and Ahmed, Iftekhar and Jensen, Carlos and McKenney, Paul E and  Holmes, Josie},
  journal={Automated Software Engineering Journal},
  year={2018},
 volume = 25,
 number = 4,
 pages = "917--960"
}

@article{Differential,
author = "William McKeeman",
title = "Differential testing for software",
journal = "Digital Technical Journal of Digital Equipment Corporation",
volume = "10(1)",
pages = "100--107",
year = 1998
}

@article{Isolating,
author = "Andreas Zeller and Ralf Hildebrandt",
title = "Simplifying and Isolating Failure-Inducing Input",
journal = "IEEE Trans. on Software Engineering",
volume = "28(2)",
year = "2002",
pages = "183--200"
}

@book{TestDriven,
title = "Test Driven Development:  By Example",
year = 2002,
publisher = "Addison Wesley",
author = "Kent Beck"
}

@book{OffuttBook,
author = "Paul Ammann and Jeff Offutt",
title = "Introduction to Software Testing",
publisher = "Cambridge University Press",
year = 2008
}

@book{Beizer,
author = "Boris Beizer",
title = "Software Testing Techniques",
publisher = "International Thomson Computer Press",
year = 1990
}

@book{pezze,
author = "Mauro Pezze and Michal Young",
title = "Software Testing and Analysis:  Process, Principles, and Techniques",
publisher = "John Wiley and Sons",
year = "2008"
}


@book{kidder,
author = "Tracy Kidder",
title = "The Soul of a New Machine",
year = 1981,
publisher = "Little, Brown"
}

@book{EWD:Discipline,
AUTHOR =       {Edsger W. Dijkstra},
TITLE =        {A {D}iscipline of {P}rogramming},
PUBLISHER =    {Prentice-Hall, Englewood Cliffs, New Jersey},
YEAR =         {1976}
}

@inproceedings{ESCJ,
author =       {Cormac Flanagan and K. Rustan M. Leino and Mark Lillibridge and Greg Nelson and James B. Saxe and Raymie Stata},
title =        {Extended static checking for {J}ava},
booktitle =    {Proceedings of the 2002 ACM SIGPLAN Conference on Programming Language Design and Implementation (PLDI)},
pages =        "234--245",
month =        may,
year =         2002
}

@article{Leino:EfficientWP,
author =       {K. Rustan M. Leino},
title =        {Efficient weakest preconditions},
journal =      {Information Processing Letters},
volume =       "93(6)",
year =         2005
}

@article{king,
author = "J. C. King",
title = "Symbolic execution and program testing",
journal = "Communications of the ACM",
year = 1976,
volume = 19,
number = 7
}

@inproceedings{FlanaganSaxe:Explosion,
author =       {Cormac Flanagan and James B. Saxe},
title =        {Avoiding exponential explosion: {G}enerating compact verification conditions},
booktitle =    "Principles of Programming Languages",
pages =        "193--205",
year =         "2002"
}

@BOOK{DijkstraScholten:Book,
AUTHOR =       {Edsger W. Dijkstra and C. S. Scholten},
TITLE =        {Predicate Calculus and Program Semantics},
PUBLISHER =    {Springer-Verlag},
SERIES =       {Texts and Monographs in Computer Science},
YEAR =         {1990}
}

@misc{Flash,
title =        {A Collection of {NAND} {Flash} Application Notes, Whitepapers and Articles},
howpublished =       {\url{http://www.data-io.com/NAND/NANDApplicationNotes.asp}}
}


@article{Lowe95,
author    = {Gavin Lowe},
title     = {An Attack on the {Needham}-{Schroeder} Public-Key Authentication
           Protocol},
journal   = {Information Processing Letters},
volume    = {56},
number    = {3},
year      = {1995},
pages     = {131--133},
ee        = {http://dx.doi.org/10.1016/0020-0190(95)00144-2},
bibsource = {DBLP, http://dblp.uni-trier.de}
}

@article{NeedhamS78,
author    = {Roger M. Needham and
           Michael D. Schroeder},
title     = {Using Encryption for Authentication in Large Networks of
           Computers},
journal   = {Communications of the ACM},
volume    = {21},
number    = {12},
year      = {1978},
pages     = {993--999},
bibsource = {DBLP, http://dblp.uni-trier.de}
}

@book { taylor-karlin-book,
author	= {Howard M. Taylor and Samuel Karlin},
title		= {An introduction to stochastic modeling},
edition	= 3,
address	= {San Diego},
publisher	= {Academic Press},
year		= 1998
}

@inproceedings{alipour2016bounded,
  title={Bounded model checking and feature omission diversity},
  author={Alipour, Mohammad Amin and Groce, Alex},
  booktitle = {International Workshop on Constraints in Formal Verification},
  year={2011}
}

@inproceedings{HelpHelp,
  author    = {Alex Groce and
               Chaoqiang Zhang and
               Mohammad Amin Alipour and
               Eric Eide and
               Yang Chen and
               John Regehr},
  title     = {Help, help, {I'm} being suppressed! The significance of suppressors
               in software testing},
  booktitle = {{IEEE} 24th International Symposium on Software Reliability Engineering,
               {ISSRE} 2013, Pasadena, CA, USA, November 4-7, 2013},
  pages     = {390--399},
  year      = {2013}
}

@INPROCEEDINGS
(
andrews-etal-rute-rt,
author        = {James H. Andrews and Susmita Haldar and Yong Lei
               and Chun Hang Felix Li},
title         = {Tool Support for Randomized Unit Testing},
booktitle     = {Proceedings of the First International Workshop on
               Randomized Testing},
address       = {Portland, Maine},
month         = jul,
year          = 2006,
pages         = {36--45}
)

@article{Ortho,
author = "M. S. Phadke",
title = "Planning Efficient Software Tests",
year = 1997,
journal = "CrossTalk",
number = 10,
volume = 10,
pages = "11--15",
month = oct
}

@inproceedings{PikeSmartCheck,
author    = {Lee Pike},
title     = {{SmartCheck}: automatic and efficient counterexample reduction and generalization},
booktitle = {{ACM} {SIGPLAN} Symposium on Haskell},
pages     = {53--64},
year      = {2014}
}

@inproceedings{INCOSE,
  title={Writing good requirements},
  author={Hooks, Ivy},
  booktitle={{INCOSE} International Symposium},
  volume={4},
  number={1},
  pages={1247--1253},
  year={1994},
  organization={Wiley Online Library}
}

@article{kulis2012metric,
  title={Metric learning: A survey},
  author={Kulis, Brian},
  journal={Foundations \& Trends in Machine Learning},
  volume={5},
  number={4},
  pages={287--364},
  year={2012}
}
@article{tipping1999probabilistic,
  title={Probabilistic principal component analysis},
  author={Tipping, Michael E and Bishop, Christopher M},
  journal={Journal of the Royal Statistical Society: Series B (Statistical Methodology)},
  volume={61},
  number={3},
  pages={611--622},
  year={1999},
  publisher={Wiley Online Library}
}
@article{scholkopf1998nonlinear,
  title={Nonlinear component analysis as a kernel eigenvalue problem},
  author={Sch{\"o}lkopf, Bernhard and Smola, Alexander and M{\"u}ller, Klaus-Robert},
  journal={Neural computation},
  volume={10},
  number={5},
  pages={1299--1319},
  year={1998},
  publisher={MIT Press}
}


@article{TDDFuture,
  title={Test-driven development concepts, taxonomy, and future direction},
  author={Janzen, David and Saiedian, Hossein},
  journal={Computer},
  volume={38},
  number={9},
  pages={43--50},
  year={2005},
  publisher={IEEE}
}

@book{TDD,
  title={Test-driven development: by example},
  author={Beck, Kent},
  year={2003},
  publisher={Addison-Wesley Professional}
}


@inproceedings{mutant,
author = "James H. Andrews and L. C. Briand and Y. Labiche",
title = "Is Mutation an Appropriate Tool for Testing Experiments?",
year = 2005,
booktitle = "International Conference on Software Engineering",
pages = "402--411"
}

@inproceedings{ASE08,
author = "James H. Andrews and Alex Groce and Melissa Weston and Ru-Gang Xu",
title = "Random Test Run Length and Effectiveness",
booktitle = "Automated Software Engineering",
pages = "19--28",
year = 2008
}

@article{part,
author = "R. Hamlet and R. Taylor",
title = "Partition testing does not inspire confidence",
journal = "IEEE Transactions on Software Engineering",
year = 1990,
volume = 16,
number = 12,
pages = "1402--1411"
}

@article{evalrand,
author = "J. W. Duran and S. C. Ntafos",
title = "Evaluation of random testing",
journal = "IEEE Transactions on Software Engineering",
volume = 10,
number = 4,
pages = "438--444",
year = 1984
}

@ARTICLE
(
doong-frankl-tosem94,
author        = {Roong-Ko Doong and Phyllis G. Frankl},
title         = {The {ASTOOT} Approach to Testing Object-Oriented Programs},
journal       = {ACM Transactions on Software Engineering and Methodology},
volume        = 3,
number        = 2,
pages         = {101--130},
month         = apr,
year          = 1994
)

@article{frankl-weiss-tse93,
author = {Phyllis G. Frankl and Stewart N. Weiss},
title = {An Experimental Comparison of the Effectiveness of Branch
           Testing and Data Flow Testing},
MIDjournal = {IEEE Trans. Software Eng.},
LONGjournal = {IEEE Transactions on Software Engineering},
journal = {Trans. Software Eng.},
volume = {19},
LONGnumber = {8},
year = {1993},
pages = {774-787},
}

@INPROCEEDINGS{Santelices:ICSE:2009,
 author = {Raul Andres Santelices 
            and James A. Jones 
            and Yanbing Yu 
            and Mary Jean Harrold},
  title = {Lightweight Fault-Localization Using Multiple Coverage Types},
booktitle = {International Conference on Software Engineering (ICSE 2009)},
  pages = {56--66},
address = {Vancouver, Canada},
  month = {May},
   year = {2009},
  notes = {}
}

@INPROCEEDINGS{Reps1997,
author = {Reps, Thomas and Ball, Thomas and Das, Manuvir and Larus, James},
title = {The use of program profiling for software maintenance with applications
    to the year 2000 problem},
booktitle = {Proceedings of the 6th European SOFTWARE ENGINEERING conference held
    jointly with the 5th ACM SIGSOFT international symposium on Foundations
    of software engineering},
year = {1997},
series = {ESEC '97/FSE-5},
pages = {432--449},
address = {New York, NY, USA},
publisher = {Springer-Verlag New York, Inc.},
acmid = {267925},
doi = {http://dx.doi.org/10.1145/267895.267925},
isbn = {3-540-63531-9},
location = {Zurich, Switzerland},
numpages = {18},
owner = {alipour},
timestamp = {2012.02.23},
url = {http://dx.doi.org/10.1145/267895.267925}
}

@inproceedings{wopdpanel,
title = "Panel: Program Debugging: Transitioning from Research to Practice",
year = 2013,
booktitle = "International Workshop on Program Debugging"
}

@article{yoo2014no,
title={No Pot of Gold at the End of Program Spectrum Rainbow: Greatest Risk Evaluation Formula Does Not Exist},
author={Yoo, Shin and Xie, Xiaoyuan and Kuo, Fei-Ching and Chen, Tsong Yueh and Harman, Mark},
journal={UCL Research Notes RN/14/14},
year={2014}
}

@INPROCEEDINGS{Jones2002,
author = {Jones, James A. and Harrold, Mary Jean and Stasko, John},
title = {Visualization of test information to assist fault localization},
booktitle = {International Conference on Software Engineering},
year = {2002},
pages = {467--477}
}

@article{Ochai,
author = "A. da Silva Meyer and A. A. Franco Farcia and A. Pereira de Souza",
title = "Comparison of similarity coefficients used for cluster analysis with dominant markers in maize (\emph{Zea mays L.})",
journal = "Genetics and Molecular Biology",
year = 2004,
volume = 27,
pages = "83--91"
}

@inproceedings{Pinpoint,
author = "M. Y. Chen and E. Kiciman and E. Fratkin and A. Fox and E. Brewer",
title = "Pinpoint:  Problem determination in large, dynamic internet services",
year = 2002,
booktitle = "International Conference on Dependable Systems and Networks",
pages = "595--604"
}

@inproceedings{AMPLE,
author = "V. Dallmeier and C. Lindig and A. Zeller",
title = "Lightweight defect localization for {Java}",
year = 2005,
booktitle = "ECOOP",
pages = "528--550"
}


@INPROCEEDINGS{Abreu:2006:PRDC,
author = {Rui Abreu and Peter Zoeteweij and Arjan J.C. van Gemund},
title = {An Evaluation of Similarity Coefficients for Software Fault Localization},
booktitle = {Dependable Computing, 2006. PRDC '06. 12th Pacific Rim International
    Symposium on},
year = {2006},
pages = {39 -46},
month = {dec. },
doi = {10.1109/PRDC.2006.18},
keywords = {AMPLE;Ochiai coefficient;Pinpoint;Siemens Suite;Tarantula;automated
    debugging tools;automated software fault diagnosis;benchmark faults;dependable
    software;molecular biology;probability ranking;program spectral approach;similarity
    coefficients;software fault localization;fault diagnosis;probability;program
    debugging;program diagnostics;software fault tolerance;}
}


@inproceedings{xuan2014test,
author = {Xuan, Jifeng and Monperrus, Martin},
title = {Test Case Purification for Improving Fault Localization},
booktitle = {ACM SIGSOFT International Symposium on Foundations of Software Engineering},
series = {FSE 2014},
year = {2014},
isbn = {978-1-4503-3056-5},
location = {Hong Kong, China},
pages = {52--63},
numpages = {12},
url = {http://doi.acm.org/10.1145/2635868.2635906},
doi = {10.1145/2635868.2635906},
acmid = {2635906},
publisher = {ACM},
address = {New York, NY, USA},
keywords = {Test case purification, dynamic program slicing, spectrum-based fault localization, test case atomization},
} 

@misc{junit,
howpublished = "\url{http://junit.org/junit5/}",
title = {{JUnit} 5},
author = {Eric Gamma and Kent Beck}

}

@inproceedings{bird2009fair,
    title={Fair and balanced?: bias in bug-fix datasets},
    author={Bird, Christian and Bachmann, Adrian and Aune, Eirik and Duffy, John and Bernstein, Abraham and Filkov, Vladimir and Devanbu, Premkumar},
    booktitle={Proceedings of the the 7th joint meeting of the European software engineering conference and the ACM SIGSOFT symposium on The foundations of software engineering},
    pages={121--130},
    year={2009},
    organization={ACM}
}

@INPROCEEDINGS{Zhang2009ICSM, 
author={H. Zhang}, 
booktitle={2009 IEEE International Conference on Software Maintenance}, 
title={An investigation of the relationships between lines of code and defects}, 
year={2009}, 
pages={274-283}, 
keywords={program diagnostics;software metrics;software quality;Eclipse dataset;lines of code;post-release defects;pre-release defects;software system quality;static code metrics;Density measurement;Lab-on-a-chip;Laboratories;NASA;Packaging machines;Predictive models;Software metrics;Software quality;Software systems;System testing}, 
doi={10.1109/ICSM.2009.5306304}, 
ISSN={1063-6773}, 
month={Sept},}

@ARTICLE{Ostrand2005TSE, 
author={T. J. Ostrand and E. J. Weyuker and R. M. Bell}, 
journal={IEEE Transactions on Software Engineering}, 
title={Predicting the location and number of faults in large software systems}, 
year={2005}, 
volume={31}, 
number={4}, 
pages={340-355}, 
keywords={binomial distribution;program testing;regression analysis;software fault tolerance;binomial regression model;large software systems;software fault prediction;software testing;Fault detection;Fault diagnosis;History;Personnel;Predictive models;Resource management;Software systems;Software testing;Sorting;System testing;Index Terms- Software faults;empirical study;fault-prone;prediction;regression model;software testing.}, 
doi={10.1109/TSE.2005.49}, 
ISSN={0098-5589}, 
month={April},}

@ARTICLE{Fenton2000TSE, 
author={N. E. Fenton and N. Ohlsson}, 
journal={IEEE Transactions on Software Engineering}, 
title={Quantitative analysis of faults and failures in a complex software system}, 
year={2000}, 
volume={26}, 
number={8}, 
pages={797-814}, 
keywords={software metrics;software performance evaluation;software reliability;Pareto principle;basic software engineering hypotheses;benchmarking;commercial software system;complex software system faults;complexity metrics;counter-intuitive relationship;data-points;early fault data;failure data;failure-prone modules;fault density;fault density measure;fault prediction;fault-prone postrelease;fault-prone prerelease;module size;operational use;postrelease faults;prerelease testing;quantitative analysis;quantitative study;software development process;software metrics;Benchmark testing;Computer industry;Density measurement;Failure analysis;Phase measurement;Programming;Software engineering;Software metrics;Software systems;Software testing}, 
doi={10.1109/32.879815}, 
ISSN={0098-5589}, 
month={Aug},}

@book{Juran1988,
  author={J.M. Juran, Frank M. Gryna},
  title={Juran's quality control handbook},
  publisher={McGraw-Hill},
  address={New York},
  year={1988},
  edition=4
}

@ARTICLE{Ohlsson1996TSE, 
author={N. Ohlsson and H. Alberg}, 
journal={IEEE Transactions on Software Engineering}, 
title={Predicting fault-prone software modules in telephone switches}, 
year={1996}, 
volume={22}, 
number={12}, 
pages={886-894}, 
keywords={diagrams;electronic switching systems;program testing;software fault tolerance;software metrics;statistical analysis;telecommunication computing;telephony;Alberg diagram;ERIMET tool;Ericsson Telecom AB;design documents;design measures;design metrics;fault-prone software module prediction;function test failure reports;historical data;linear regression;performance;prediction model;software reliability;telephone switches;Data analysis;Fault diagnosis;Linear regression;Phase measurement;Predictive models;Size measurement;Software testing;Switches;Telecommunication switching;Telephony}, 
doi={10.1109/32.553637}, 
ISSN={0098-5589}, 
month={Dec},}

@ARTICLE{Andersson2007TSE, 
author={C. Andersson and P. Runeson}, 
journal={IEEE Transactions on Software Engineering}, 
title={A Replicated Quantitative Analysis of Fault Distributions in Complex Software Systems}, 
year={2007}, 
volume={33}, 
number={5}, 
pages={273-286}, 
keywords={Pareto optimisation;software fault tolerance;Pareto principle;complex software system;software fault distribution;Computer languages;Conducting materials;Quality management;Software engineering;Software systems;System testing;Telecommunication switching;Empirical research;replication;software fault distributions.}, 
doi={10.1109/TSE.2007.1005}, 
ISSN={0098-5589}, 
month={May},}

@ARTICLE{Koru2009TSE, 
author={A. G. Koru and D. Zhang and K. El Emam and H. Liu}, 
journal={IEEE Transactions on Software Engineering}, 
title={An Investigation into the Functional Form of the Size-Defect Relationship for Software Modules}, 
year={2009}, 
volume={35}, 
number={2}, 
pages={293-304}, 
keywords={object-oriented methods;project management;software management;software metrics;software quality;Cn3d;Eclipse;JBoss;Mozilla;object-oriented products;product metrics;quality assurance activities;size-defect relationship;software modules;software projects;Open-source software;Planning for SQA and Measurement applied to SQA and Software Quality/SQA;Product metrics;Software Engineering;Software science;Software/Software Engin}, 
doi={10.1109/TSE.2008.90}, 
ISSN={0098-5589}, 
month={March},}

@ARTICLE{Syer2015TSE, 
author={M. D. Syer and M. Nagappan and B. Adams and A. E. Hassan}, 
journal={IEEE Transactions on Software Engineering}, 
title={Replicating and Re-Evaluating the Theory of Relative Defect-Proneness}, 
year={2015}, 
volume={41}, 
number={2}, 
pages={176-197}, 
keywords={program diagnostics;software quality;software reliability;defect modelling;relative defect-proneness theory;size-defect relationship;software system defects;source code module;survival analysis techniques;Analytical models;Data models;Hazards;Mathematical model;Measurement;Predictive models;Software;Cox Models;Cox models;Defect Modelling;Survival Analysis;Survival analysis;defect modelling}, 
doi={10.1109/TSE.2014.2361131}, 
ISSN={0098-5589}, 
month={Feb},}

@article{Kitchenham2010JSS,
 author = {Kitchenham, Barbara},
 title = {What's Up with Software Metrics? - A Preliminary Mapping Study},
 journal = {Journal of Systems Software},
 issue_date = {January, 2010},
 volume = {83},
 number = {1},
 month = jan,
 year = {2010},
 issn = {0164-1212},
 pages = {37--51},
 numpages = {15},
 url = {http://dx.doi.org/10.1016/j.jss.2009.06.041},
 doi = {10.1016/j.jss.2009.06.041},
 acmid = {1663912},
 publisher = {Elsevier Science Inc.},
 address = {New York, NY, USA},
 keywords = {Empirical evaluation problems, Influential papers, Literature survey, Mapping study, Secondary study, Software metrics},
} 

@INPROCEEDINGS{DAmbros2008WCRE, 
author={M. D'Ambros and M. Lanza and R. Robbes}, 
booktitle={2009 16th Working Conference on Reverse Engineering}, 
title={On the Relationship Between Change Coupling and Software Defects}, 
year={2009}, 
pages={135-144}, 
keywords={software maintenance;software metrics;software reliability;bug prediction model performance;software artifact;software change coupling;software defect;software metrics;software system;Computer architecture;Informatics;Information analysis;Joining processes;Predictive models;Reverse engineering;Software design;Software measurement;Software metrics;Software systems;Change coupling;Software defects}, 
doi={10.1109/WCRE.2009.19}, 
ISSN={1095-1350}, 
month={Oct},}

@inproceedings{Rosenberg1997METRICS,
 author = {Rosenberg, J.},
 title = {Some Misconceptions About Lines of Code},
 booktitle = {Proceedings of the 4th International Symposium on Software Metrics},
 series = {METRICS '97},
 year = {1997},
 isbn = {0-8186-8093-8},
 pages = {137--},
 url = {http://dl.acm.org/citation.cfm?id=823454.823905},
 acmid = {823905},
 publisher = {IEEE Computer Society},
 address = {Washington, DC, USA},
} 

@article{Zhou2010JSS,
 author = {Zhou, Yuming and Xu, Baowen and Leung, Hareton},
 title = {On the Ability of Complexity Metrics to Predict Fault-prone Classes in Object-oriented Systems},
 journal = {Journal of Systems Software},
 issue_date = {April, 2010},
 volume = {83},
 number = {4},
 month = apr,
 year = {2010},
 issn = {0164-1212},
 pages = {660--674},
 numpages = {15},
 url = {http://dx.doi.org/10.1016/j.jss.2009.11.704},
 doi = {10.1016/j.jss.2009.11.704},
 acmid = {1747031},
 publisher = {Elsevier Science Inc.},
 address = {New York, NY, USA},
 keywords = {Complexity, Concordant pairs, Fault-prone, Logistic regression, Metrics, Odds ratio, Prediction},
} 

@INPROCEEDINGS{Menzies2002SEW, 
author={T. Menzies and J. S. Di Stefano and M. Chapman and K. McGill}, 
booktitle={27th Annual NASA Goddard/IEEE Software Engineering Workshop, 2002. Proceedings.}, 
title={Metrics that matter}, 
year={2002}, 
pages={51-57}, 
keywords={error handling;formal verification;software metrics;McCabe tool;NASA;centralized data repository;code modules;error prediction;software defect data;software metrics;Application software;Computer errors;Computer science;Costs;NASA;Software metrics;Software performance;Software quality;Software tools;Testing}, 
doi={10.1109/SEW.2002.1199449}, 
month={Dec},}

@inproceedings{Tang1999Metrics,
 author = {Tang, Mei-Huei and Kao, Ming-Hung and Chen, Mei-Hwa},
 title = {An Empirical Study on Object-Oriented Metrics},
 booktitle = {Proceedings of the 6th International Symposium on Software Metrics},
 series = {METRICS '99},
 year = {1999},
 isbn = {0-7695-0403-5},
 pages = {242--},
 url = {http://dl.acm.org/citation.cfm?id=520792.823979},
 acmid = {823979},
 publisher = {IEEE Computer Society},
 address = {Washington, DC, USA},
 keywords = {object-oriented metrics, CK metrics, object-oriented fault analysis},
} 

@inproceedings{English2009ICPMSE,
 author = {English, Michael and Exton, Chris and Rigon, Irene and Cleary, Brendan},
 title = {Fault Detection and Prediction in an Open-source Software Project},
 booktitle = {Proceedings of the 5th International Conference on Predictor Models in Software Engineering},
 series = {PROMISE '09},
 year = {2009},
 isbn = {978-1-60558-634-2},
 location = {Vancouver, British Columbia, Canada},
 pages = {17:1--17:11},
 articleno = {17},
 numpages = {11},
 url = {http://doi.acm.org/10.1145/1540438.1540462},
 doi = {10.1145/1540438.1540462},
 acmid = {1540462},
 publisher = {ACM},
 address = {New York, NY, USA},
 keywords = {empirical study, fault prediction, metrics, open source, regression, software quality},
} 

@book{Halstead,
 author = {Halstead, Maurice H.},
 title = {Elements of Software Science (Operating and Programming Systems Series)},
 year = {1977},
 isbn = {0444002057},
 publisher = {Elsevier Science Inc.},
 address = {New York, NY, USA},
} 

@inproceedings{crossproject,
 author = {Zimmermann, Thomas and Nagappan, Nachiappan and Gall, Harald and Giger, Emanuel and Murphy, Brendan},
 title = {Cross-project Defect Prediction: A Large Scale Experiment on Data vs. Domain vs. Process},
 booktitle = {Proceedings of the the 7th Joint Meeting of the European Software Engineering Conference and the ACM SIGSOFT Symposium on The Foundations of Software Engineering},
 series = {ESEC/FSE '09},
 year = {2009},
 isbn = {978-1-60558-001-2},
 location = {Amsterdam, The Netherlands},
 pages = {91--100},
 numpages = {10},
 url = {http://doi.acm.org/10.1145/1595696.1595713},
 doi = {10.1145/1595696.1595713},
 acmid = {1595713},
 publisher = {ACM},
 address = {New York, NY, USA},
 keywords = {churn, cross-project, decision trees, defect prediction, logistic regression, prediction quality},
} 


@inproceedings{Zimmermann2007WPMSE,
 author = {Zimmermann, Thomas and Premraj, Rahul and Zeller, Andreas},
 title = {Predicting Defects for Eclipse},
 booktitle = {Proceedings of the Third International Workshop on Predictor Models in Software Engineering},
 series = {PROMISE '07},
 year = {2007},
 isbn = {0-7695-2954-2},
 pages = {9--},
 url = {http://dx.doi.org/10.1109/PROMISE.2007.10},
 doi = {10.1109/PROMISE.2007.10},
 acmid = {1269057},
 publisher = {IEEE Computer Society},
 address = {Washington, DC, USA},
} 

@INPROCEEDINGS{Menzies2004HASE, 
author={T. Menzies and J. S. Di Stefano}, 
booktitle={Eighth IEEE International Symposium on High Assurance Systems Engineering, 2004. Proceedings.}, 
title={How good is your blind spot sampling policy}, 
year={2004}, 
pages={129-138}, 
keywords={formal specification;program verification;sampling methods;software metrics;automatic formal methods;black box probing;blind spot sampling;defect detectors;formal specification;public domain defect data;software assessment;Aerospace engineering;Computer science;Costs;Detectors;Mission critical systems;NASA;Project management;Proposals;Sampling methods;Systems engineering and theory}, 
doi={10.1109/HASE.2004.1281737}, 
ISSN={1530-2059}, 
month={March},}

@inproceedings{Nagappan2006ICSE,
 author = {Nagappan, Nachiappan and Ball, Thomas and Zeller, Andreas},
 title = {Mining Metrics to Predict Component Failures},
 booktitle = {Proceedings of the 28th International Conference on Software Engineering},
 series = {ICSE '06},
 year = {2006},
 isbn = {1-59593-375-1},
 location = {Shanghai, China},
 pages = {452--461},
 numpages = {10},
 url = {http://doi.acm.org/10.1145/1134285.1134349},
 doi = {10.1145/1134285.1134349},
 acmid = {1134349},
 publisher = {ACM},
 address = {New York, NY, USA},
 keywords = {bug database, complexity metrics, empirical study, principal component analysis, regression model},
} 

@INPROCEEDINGS{Holschuh2009ICSE, 
author={T. Holschuh and M. Pauser and K. Herzig and T. Zimmermann and R. Premraj and A. Zeller}, 
booktitle={2009 31st International Conference on Software Engineering - Companion Volume}, 
title={Predicting defects in SAP Java code: An experience report}, 
year={2009}, 
pages={172-181}, 
keywords={Java;object-oriented programming;program debugging;program diagnostics;quality assurance;software maintenance;software metrics;software quality;SAP Java code;complexity metric;defect prediction;large-software system component;software change frequency;software component import;software quality assurance;static error detector;Detectors;Frequency;History;Java;Power system modeling;Predictive models;Quality assurance;Resource management;Software systems;Software testing}, 
doi={10.1109/ICSE-COMPANION.2009.5070975}, 
month={May},}

@article{Chowdhury2011JSS,
 author = {Chowdhury, Istehad and Zulkernine, Mohammad},
 title = {Using Complexity, Coupling, and Cohesion Metrics As Early Indicators of Vulnerabilities},
 journal = {Journal of System Architure},
 issue_date = {March, 2011},
 volume = {57},
 number = {3},
 month = mar,
 year = {2011},
 issn = {1383-7621},
 pages = {294--313},
 numpages = {20},
 url = {http://dx.doi.org/10.1016/j.sysarc.2010.06.003},
 doi = {10.1016/j.sysarc.2010.06.003},
 acmid = {1960270},
 publisher = {Elsevier North-Holland, Inc.},
 address = {New York, NY, USA},
 keywords = {Cohesion, Complexity, Coupling, Software metrics, Vulnerability prediction},
} 

@Article{Binkley1998SQJ,
  author={Binkley, Aaron B. and Schach, Stephen R.},
  title={Prediction of Run-Time Failures Using Static Product Quality Metrics},
  journal={Software Quality Journal},
  year={1998},
  volume={7},
  number={2},
  pages={141--147},
  issn={1573-1367},
  doi={10.1023/A:1008860726607},
  url={http://dx.doi.org/10.1023/A:1008860726607},
}

@inproceedings{Tomaszewski2006ECBS,
 author = {Tomaszewski, Piotr and Hakansson, Jim and Lundberg, Lars and Grahn, Hakan},
 title = {The Accuracy of Fault Prediction in Modified Code - Statistical Model vs. Expert Estimation},
 booktitle = {Proceedings of the 13th Annual IEEE International Symposium and Workshop on Engineering of Computer Based Systems},
 series = {ECBS '06},
 year = {2006},
 isbn = {0-7695-2546-6},
 pages = {334--343},
 numpages = {10},
 url = {http://dx.doi.org/10.1109/ECBS.2006.68},
 doi = {10.1109/ECBS.2006.68},
 acmid = {1126217},
 publisher = {IEEE Computer Society},
 address = {Washington, DC, USA},
} 

@INPROCEEDINGS{Xu2006ISDA, 
author={Z. Xu and X. Zheng and P. Guo}, 
booktitle={Sixth International Conference on Intelligent Systems Design and Applications}, 
title={Empirically Validating Software Metrics for Risk Prediction Based on Intelligent Methods}, 
year={2006}, 
volume={1}, 
pages={1049-1054}, 
keywords={Bayes methods;belief networks;data mining;decision trees;software metrics;software quality;software reliability;Bayesian belief networks;Halstead program difficulty;classification techniques;cyclomatic complexity;data mining;decision tree;intelligent methods;lines of code;nearest neighbor;risk prediction;software metrics;software quality;software reliability;software systems;Bayesian methods;Classification tree analysis;Data mining;Decision trees;Nearest neighbor searches;Neural networks;Risk analysis;Software metrics;Software quality;Software systems}, 
doi={10.1109/ISDA.2006.139}, 
ISSN={2164-7143}, 
month={Oct},}

@INPROCEEDINGS{Munson1998ICSM, 
author={J. C. Munson and S. G. Elbaum}, 
booktitle={Proceedings. International Conference on Software Maintenance (Cat. No. 98CB36272)}, 
title={Code churn: a measure for estimating the impact of code change}, 
year={1998}, 
pages={24-31}, 
keywords={embedded systems;software maintenance;software metrics;software tools;code change impact estimation;code churn;code complexity churn;fault surrogate;large embedded software system;methodology;software development process;software evolution process;software maintenance;software tools;source code static measurement;Computer science;Fault detection;Fault diagnosis;Programming;Software measurement;Software systems;Software testing;System testing;Tellurium;Time measurement}, 
doi={10.1109/ICSM.1998.738486}, 
ISSN={1063-6773}, 
month={Nov},}

@article{Khoshgoftaar2001SQJ,
 author = {Khoshgoftaar, Taghi M. and Allen, Edward B.},
 title = {Empirical Assessment of a Software Metric: The Information Content of Operators},
 journal = {Software Quality Journal},
 issue_date = {June 2001},
 volume = {9},
 number = {2},
 month = jun,
 year = {2001},
 issn = {0963-9314},
 pages = {99--112},
 numpages = {14},
 url = {http://dx.doi.org/10.1023/A:1016622818771},
 doi = {10.1023/A:1016622818771},
 acmid = {599200},
 publisher = {Kluwer Academic Publishers},
 address = {Hingham, MA, USA},
 keywords = {entropy, information theory, linear regression, prediction, software measurement, software metrics, software quality},
} 

@inproceedings{Major,
   LONGauthor = {Ren{\'e} Just and Franz Schweiggert and Gregory M. Kapfhammer},
   author = {R. Just and F. Schweiggert and G. M. Kapfhammer},
   title = {{MAJOR}: An efficient and extensible tool for mutation
        analysis in a {J}ava compiler},
   LONGbooktitle = {Automated Software Engineering (ASE)},
   booktitle = {ASE},
   LONGpages = {612--615},
   LONGmonth = {November~9--11},
   year = {2011}
}


@article{Graves2000TSE,
 author = {Graves, Todd L. and Karr, Alan F. and Marron, J. S. and Siy, Harvey},
 title = {Predicting Fault Incidence Using Software Change History},
 journal = {IEEE Transactions on Software Engineering},
 issue_date = {July 2000},
 volume = {26},
 number = {7},
 month = jul,
 year = {2000},
 issn = {0098-5589},
 pages = {653--661},
 numpages = {9},
 url = {http://dx.doi.org/10.1109/32.859533},
 doi = {10.1109/32.859533},
 acmid = {347496},
 publisher = {IEEE Press},
 address = {Piscataway, NJ, USA},
 keywords = {Fault potential, code decay, change management data, metrics, statistical analysis, generalized linear models.},
} 

@book{Fenton1998,
 author = {Fenton, Norman E. and Pfleeger, Shari Lawrence},
 title = {Software Metrics: A Rigorous and Practical Approach},
 year = {1998},
 isbn = {0534954251},
 edition = {2nd},
 publisher = {PWS Publishing Co.},
 address = {Boston, MA, USA},
} 

@INPROCEEDINGS{Zimmermann2008ICSE, 
author={T. Zimmermann and N. Nagappan}, 
booktitle={2008 ACM/IEEE 30th International Conference on Software Engineering}, 
title={Predicting defects using network analysis on dependency graphs}, 
year={2008}, 
pages={531-540}, 
keywords={software metrics;software quality;Windows developers;central program units;code complexity metrics;defects prediction;dependency graphs;network analysis;quality assurance;resources allocation;software development;Costs;Engineering management;Network servers;Permission;Predictive models;Quality assurance;Quality management;Resource management;Software engineering;Software measurement;defect prediction;dependency graph;network analysis;windows server 2003}, 
doi={10.1145/1368088.1368161}, 
ISSN={0270-5257}, 
month={May},}

@Inbook{Goel2008CIS,
  author={Goel, Bindu and Singh, Yogesh},
  editor={Lee, Roger and Kim, Haeng-Kon},
  title={Empirical Investigation of Metrics for Fault Prediction on Object-Oriented Software},
  bookTitle={Computer and Information Science},
  year={2008},
  publisher={Springer Berlin Heidelberg},
  address={Berlin, Heidelberg},
  pages={255--265},
  isbn={978-3-540-79187-4},
  doi={10.1007/978-3-540-79187-4\_22},
  url={http://dx.doi.org/10.1007/978-3-540-79187-4\_22},
}

@ARTICLE{Basili1996TSE, 
author={V. R. Basili and L. C. Briand and W. L. Melo}, 
journal={IEEE Transactions on Software Engineering}, 
title={A validation of object-oriented design metrics as quality indicators}, 
year={1996}, 
volume={22}, 
number={10}, 
pages={751-761}, 
keywords={C language;information systems;object-oriented languages;object-oriented methods;software maintenance;software metrics;software quality;C++ programming language;class maintenance changes;data set;fault-prone classes;information management systems;metric validation;object oriented analysis;object-oriented design metrics;sequential life cycle model;software development;software quality indicators;Computer languages;Costs;Design methodology;Object oriented modeling;Predictive models;Programming;Resource management;Software maintenance;Software systems;System testing}, 
doi={10.1109/32.544352}, 
ISSN={0098-5589}, 
month={Oct},}

@article{Briand2000JSS,
 author = {Briand, Lionel C. and W\"{u}st, J\"{u}rgen and Daly, John W. and Porter, D. Victor},
 title = {Exploring the Relationship Between Design Measures and Software Quality in Object-oriented Systems},
 journal = {Journal of Systems and Software},
 issue_date = {May 2000},
 volume = {51},
 number = {3},
 month = may,
 year = {2000},
 issn = {0164-1212},
 pages = {245--273},
 numpages = {29},
 url = {http://dx.doi.org/10.1016/S0164-1212(99)00102-8},
 doi = {10.1016/S0164-1212(99)00102-8},
 acmid = {347278},
 publisher = {Elsevier Science Inc.},
 address = {New York, NY, USA},
 keywords = {cohesion, coupling, empirical validation, inheritance, measurement, metrics, object-oriented},
} 

@inproceedings{UDITA,
 author = {Gligoric, Milos and Gvero, Tihomir and Jagannath, Vilas and Khurshid, Sarfraz and Kuncak, Viktor and Marinov, 
Darko},
 title = {Test Generation Through Programming in {UDITA}},
 booktitle = {International Conference on Software Engineering},
 year = {2010},
 pages = {225--234}
} 


@Article{Briand2001ESE,
author="Briand, Lionel C.
and W{\"u}st, J{\"u}rgen
and Lounis, Hakim",
title="Replicated Case Studies for Investigating Quality Factors in Object-Oriented Designs",
journal="Empirical Software Engineering",
year="2001",
volume="6",
number="1",
pages="11--58",
issn="1573-7616",
doi="10.1023/A:1009815306478",
url="http://dx.doi.org/10.1023/A:1009815306478"
}

@article{Emam2001JSS,
 author = {Emam, Khaled El and Melo, Walcelio and Machado, Javam C.},
 title = {The Prediction of Faulty Classes Using Object-oriented Design Metrics},
 journal = {Journal of Systems and Software},
 issue_date = {Feb 1,2001},
 volume = {56},
 number = {1},
 month = feb,
 year = {2001},
 issn = {0164-1212},
 pages = {63--75},
 numpages = {13},
 url = {http://dx.doi.org/10.1016/S0164-1212(00)00086-8},
 doi = {10.1016/S0164-1212(00)00086-8},
 acmid = {371306},
 publisher = {Elsevier Science Inc.},
 address = {New York, NY, USA},
 keywords = {Java metrics, Java quality, Object-oriented metrics, Software metrics, Software quality},
} 

@INPROCEEDINGS{Yu2002ECSMR, 
author={Ping Yu and T. Systa and H. Muller}, 
booktitle={Proceedings of the Sixth European Conference on Software Maintenance and Reengineering}, 
title={Predicting fault-proneness using OO metrics. An industrial case study}, 
year={2002}, 
pages={99-107}, 
keywords={client-server systems;data analysis;inheritance;object-oriented programming;software metrics;software quality;software reusability;statistical analysis;data analysis;discriminant analysis;inheritance;network service management system;object-oriented software;regression analysis;software metrics;software quality;software reuse;Computer aided software engineering;Costs;Data analysis;Design engineering;Software design;Software maintenance;Software measurement;Software metrics;Software quality;Software testing}, 
doi={10.1109/CSMR.2002.995794}, 
ISSN={1534-5351}, 
month={},}

@ARTICLE{Gyimothy2005TSE, 
author={T. Gyimothy and R. Ferenc and I. Siket}, 
journal={IEEE Transactions on Software Engineering}, 
title={Empirical validation of object-oriented metrics on open source software for fault prediction}, 
year={2005}, 
volume={31}, 
number={10}, 
pages={897-910}, 
keywords={database management systems;fault diagnosis;formal verification;object-oriented methods;object-oriented programming;public domain software;software fault tolerance;software metrics;software quality;Bugzilla bug database;Mozilla;fault prediction;fault-proneness detection;object-oriented metrics;open source Web;open source software;software quality;software reliability;Computer bugs;Computer industry;Electronic mail;Fault detection;Learning systems;Object oriented databases;Open source software;Quality management;Software development management;Software systems;Bugzilla;C++;Columbus.;Index Terms- Fact extraction;Mozilla;compiler wrapping;fault-proneness detection;metrics validation;open source software;reverse engineering}, 
doi={10.1109/TSE.2005.112}, 
ISSN={0098-5589}, 
month={Oct},}

@article{Zhao1998IST,
 author = {Zhao, M. and Wohlin, C. and Ohlsson, N. and Xie, M.},
 title = {A Comparison Between Software Design and Code Metrics for the Prediction of Software Fault Content},
 journal = {Inf. Softw. Technol.},
 issue_date = {December 1998},
 volume = {40},
 number = {14},
 month = dec,
 year = {1998},
 issn = {0950-5849},
 pages = {801--809},
 numpages = {9},
 url = {http://dx.doi.org/10.1016/S0950-5849(98)00098-6},
 doi = {10.1016/S0950-5849(98)00098-6},
 acmid = {2796613},
 publisher = {Butterworth-Heinemann},
 address = {Newton, MA, USA},
 keywords = {Correlation analysis, Fault prediction, Metric selection, Regression analysis, Software metrics},
} 

@article{Olague2007TSE,
 author = {Olague, Hector M. and Etzkorn, Letha H. and Gholston, Sampson and Quattlebaum, Stephen},
 title = {Empirical Validation of Three Software Metrics Suites to Predict Fault-Proneness of Object-Oriented Classes Developed Using Highly Iterative or Agile Software Development Processes},
 journal = {IEEE Transactions on Software Engineering},
 issue_date = {June 2007},
 volume = {33},
 number = {6},
 month = jun,
 year = {2007},
 issn = {0098-5589},
 pages = {402--419},
 numpages = {18},
 url = {http://dx.doi.org/10.1109/TSE.2007.1015},
 doi = {10.1109/TSE.2007.1015},
 acmid = {1263533},
 publisher = {IEEE Press},
 address = {Piscataway, NJ, USA},
 keywords = {Object-oriented software metrics, Object-oriented software metrics, object-oriented metrics, software quality metrics, software maintenance programming, software reuse., object-oriented metrics, software maintenance programming, software quality metrics, software reuse.},
} 

@ARTICLE{Pai2007TSE, 
author={G. J. Pai and J. Bechta Dugan}, 
journal={IEEE Transactions on Software Engineering}, 
title={Empirical Analysis of Software Fault Content and Fault Proneness Using Bayesian Methods}, 
year={2007}, 
volume={33}, 
number={10}, 
pages={675-686}, 
keywords={Bayes methods;mathematics computing;object-oriented methods;regression analysis;software fault tolerance;software metrics;software quality;Bayesian network;Poisson logistic regression;binomial logistic regression;linear logistic regression;object-oriented software metrics;software fault content;software fault proneness;software quality;Bayesian methods;Information resources;Logistics;Object oriented modeling;Programming;Quality assessment;Software measurement;Software metrics;Software quality;Bayesian analysis;Bayesian networks;defects;fault proneness;metrics;object-oriented;regression;software quality}, 
doi={10.1109/TSE.2007.70722}, 
ISSN={0098-5589}, 
month={Oct},}

@article{Shatnawi2008JSS,
 author = {Shatnawi, Raed and Li, Wei},
 title = {The Effectiveness of Software Metrics in Identifying Error-prone Classes in Post-release Software Evolution Process},
 journal = {Journal of Systems and Software},
 issue_date = {November, 2008},
 volume = {81},
 number = {11},
 month = nov,
 year = {2008},
 issn = {0164-1212},
 pages = {1868--1882},
 numpages = {15},
 url = {http://dx.doi.org/10.1016/j.jss.2007.12.794},
 doi = {10.1016/j.jss.2007.12.794},
 acmid = {1412838},
 publisher = {Elsevier Science Inc.},
 address = {New York, NY, USA},
 keywords = {Class error proneness, Design evolution, Empirical study, Error-severity categories, Object-oriented metrics, Open source software},
} 

@article{Singh2010SQJ,
 author = {Singh, Yogesh and Kaur, Arvinder and Malhotra, Ruchika},
 title = {Empirical Validation of Object-oriented Metrics for Predicting Fault Proneness Models},
 journal = {Software Quality Journal},
 issue_date = {March 2010},
 volume = {18},
 number = {1},
 month = mar,
 year = {2010},
 issn = {0963-9314},
 pages = {3--35},
 numpages = {33},
 url = {http://dx.doi.org/10.1007/s11219-009-9079-6},
 doi = {10.1007/s11219-009-9079-6},
 acmid = {1713205},
 publisher = {Kluwer Academic Publishers},
 address = {Hingham, MA, USA},
 keywords = {Empirical validation, Fault prediction, Metrics, Object-oriented, Receiver operating characteristics analysis, Software quality},
} 

@ARTICLE{Zhou2006TSE, 
author={Yuming Zhou and Hareton Leung}, 
journal={IEEE Transactions on Software Engineering}, 
title={Empirical Analysis of Object-Oriented Design Metrics for Predicting High and Low Severity Faults}, 
year={2006}, 
volume={32}, 
number={10}, 
pages={771-789}, 
keywords={object-oriented programming;regression analysis;software fault tolerance;software metrics;fault severity;fault-prone classes;fault-proneness prediction;logistic regression method;machine learning method;object-oriented design metrics;object-oriented software system;public domain NASA data set;Computer Society;Decision making;Fault detection;Learning systems;Logistics;NASA;Object oriented modeling;Predictive models;Programming;Software systems;Object-oriented;cross validation.;fault-proneness;faults;metrics;prediction}, 
doi={10.1109/TSE.2006.102}, 
ISSN={0098-5589}, 
month={Oct},}

@INPROCEEDINGS{Abreu1994SQ,
    author = {Fernando Brito e Abreu and Rog\'{e}rio Carapu\c{c}a},
    title = {Object-Oriented Software Engineering: Measuring and Controlling the Development Process},
    booktitle = { Proc. Int'l Conf. Software Quality ({QSIC})},
    year = {1994},
    keywords = {OO, engineering software},
}

@INPROCEEDINGS{Brito1996ISMS, 
author={F. Brito e Abreu and W. Melo}, 
booktitle={Proceedings of the 3rd International Software Metrics Symposium}, 
title={Evaluating the impact of object-oriented design on software quality}, 
year={1996}, 
pages={90-99}, 
keywords={inheritance;object-oriented methods;software maintenance;software metrics;software quality;software reliability;MOOD;coupling;information hiding;inheritance;object-oriented design metrics;polymorphism;predictive models;small-sized information management systems;software design mechanisms;software maintainability;software quality characteristics;software reliability;Engineering management;Information management;Maintenance;Mood;Object oriented modeling;Predictive models;Software design;Software engineering;Software quality;Software systems}, 
doi={10.1109/METRIC.1996.492446}, 
month={Mar},}

@ARTICLE{Bansiya2002TSE, 
author={J. Bansiya and C. G. Davis}, 
journal={IEEE Transactions on Software Engineering}, 
title={A hierarchical model for object-oriented design quality assessment}, 
year={2002}, 
volume={28}, 
number={1}, 
pages={4-17}, 
keywords={data encapsulation;object-oriented programming;software metrics;software quality;behavioral design properties;cohesion;commercial object-oriented systems;coupling;design properties;encapsulation;expert opinion;hierarchical model;high-level design quality attributes;high-level quality attributes;modularity;object-oriented design metrics;object-oriented design quality assessment;product metrics;quality assessment tool;quality attributes;reusability;Object oriented modeling;Quality assessment}, 
doi={10.1109/32.979986}, 
ISSN={0098-5589}, 
month={Jan},}

@book{Martin2003,
 author = {Martin, Robert Cecil},
 title = {Agile Software Development: Principles, Patterns, and Practices},
 year = {2003},
 isbn = {0135974445},
 publisher = {Prentice Hall PTR},
 address = {Upper Saddle River, NJ, USA},
} 

@article{Elish2011AES,
 author = {Elish, Mahmoud O. and Al-Yafei, Ali H. and Al-Mulhem, Muhammed},
 title = {Empirical Comparison of Three Metrics Suites for Fault Prediction in Packages of Object-oriented Systems: A Case Study of Eclipse},
 journal = {Adv. Eng. Softw.},
 issue_date = {October, 2011},
 volume = {42},
 number = {10},
 month = oct,
 year = {2011},
 issn = {0965-9978},
 pages = {852--859},
 numpages = {8},
 url = {http://dx.doi.org/10.1016/j.advengsoft.2011.06.001},
 doi = {10.1016/j.advengsoft.2011.06.001},
 acmid = {2010757},
 publisher = {Elsevier Science Ltd.},
 address = {Oxford, UK, UK},
 keywords = {Fault prediction, Object-oriented packages, Object-oriented systems, Prediction models, Software metrics, Software quality},
} 

@INPROCEEDINGS{Patel2016ICCCA, 
author={S. Patel and J. Kaur}, 
booktitle={2016 International Conference on Computing, Communication and Automation (ICCCA)}, 
title={A study of component based software system metrics}, 
year={2016}, 
pages={824-828}, 
keywords={distributed programming;object-oriented programming;software metrics;software quality;component based approach;component based software engineering;component based software system metrics;distributed approach;object oriented approach;software development;software quality;Complexity theory;Software engineering;Software metrics;Software systems;Complexity;Component Based Software Engineering (CBSE);Reusability;Software Metrics}, 
doi={10.1109/CCAA.2016.7813853}, 
month={April},}

@article{AlDallal2010IST,
 author = {Al Dallal, Jehad and Briand, Lionel C.},
 title = {An Object-oriented High-level Design-based Class Cohesion Metric},
 journal = {Information and Software Technology},
 issue_date = {December, 2010},
 volume = {52},
 number = {12},
 month = dec,
 year = {2010},
 issn = {0950-5849},
 pages = {1346--1361},
 numpages = {16},
 url = {http://dx.doi.org/10.1016/j.infsof.2010.08.006},
 doi = {10.1016/j.infsof.2010.08.006},
 acmid = {1864952},
 publisher = {Butterworth-Heinemann},
 address = {Newton, MA, USA},
 keywords = {Class cohesion, Fault prediction, Object-oriented design, Object-oriented software quality},
} 

@article{AlDallal2011IST,
 author = {Al Dallal, Jehad},
 title = {Improving the Applicability of Object-oriented Class Cohesion Metrics},
 journal = {Inf. Softw. Technol.},
 issue_date = {Information and Software Technology},
 volume = {53},
 number = {9},
 month = sep,
 year = {2011},
 issn = {0950-5849},
 pages = {914--928},
 numpages = {15},
 url = {http://dx.doi.org/10.1016/j.infsof.2011.03.004},
 doi = {10.1016/j.infsof.2011.03.004},
 acmid = {1998978},
 publisher = {Butterworth-Heinemann},
 address = {Newton, MA, USA},
 keywords = {Fault prediction, Metric applicability, Object-oriented class cohesion, Object-oriented software quality},
} 

@article{Bieman1995SEN,
 author = {Bieman, James M. and Kang, Byung-Kyoo},
 title = {Cohesion and Reuse in an Object-oriented System},
 journal = {SIGSOFT Softw. Eng. Notes},
 issue_date = {Aug. 1995},
 volume = {20},
 number = {SI},
 month = aug,
 year = {1995},
 issn = {0163-5948},
 pages = {259--262},
 numpages = {4},
 url = {http://doi.acm.org/10.1145/223427.211856},
 doi = {10.1145/223427.211856},
 acmid = {211856},
 publisher = {ACM},
 address = {New York, NY, USA},
} 

@INPROCEEDINGS{Briand1998METRICS, 
author={L. C. Briand and J. Daly and V. Porter and J. Wust}, 
booktitle={Proceedings Fifth International Software Metrics Symposium. Metrics (Cat. No.98TB100262)}, 
title={A comprehensive empirical validation of design measures for object-oriented systems}, 
year={1998}, 
pages={246-257}, 
keywords={inheritance;object-oriented programming;program testing;software metrics;software quality;cohesion measures;data set;design measures;fault detection;fault-proneness;inheritance hierarchies;inheritance measures;method invocations;object-oriented coupling measures;object-oriented systems;software metrics;software quality;software testing;system classes;Data analysis;Fault detection;Frequency;Inspection;Large-scale systems;Particle measurements;Performance evaluation;Software measurement;Software quality;System testing}, 
doi={10.1109/METRIC.1998.731251}, 
month={Nov},}

@INPROCEEDINGS{Briand1998SRE, 
author={L. C. Briand and J. Daly and V. Porter and J. Wust}, 
booktitle={Proceedings Ninth International Symposium on Software Reliability Engineering (Cat. No.98TB100257)}, 
title={Predicting fault-prone classes with design measures in object-oriented systems}, 
year={1998}, 
pages={334-343}, 
keywords={inheritance;object-oriented programming;software metrics;software performance evaluation;OO systems;cohesion;design measures;fault detection;fault prone class prediction;fault proneness;inheritance hierarchies;inheritance measures;method invocations;object oriented coupling;object oriented systems;product measurement;software quality;system classes;testing;Fault detection;Frequency;Inspection;Large-scale systems;Object oriented modeling;Particle measurements;Predictive models;Software measurement;Software quality;System testing}, 
doi={10.1109/ISSRE.1998.730898}, 
ISSN={1071-9458}, 
month={Nov},}

@inproceedings{Briand1999IQF,
 author = {Briand, Lionel C. and W\"{u}st, J\"{u}rgen and Ikonomovski, Stefan V. and Lounis, Hakim},
 title = {Investigating Quality Factors in Object-oriented Designs: An Industrial Case Study},
 booktitle = {Proceedings of the 21st International Conference on Software Engineering},
 series = {ICSE '99},
 year = {1999},
 isbn = {1-58113-074-0},
 location = {Los Angeles, California, USA},
 pages = {345--354},
 numpages = {10},
 url = {http://doi.acm.org/10.1145/302405.302654},
 doi = {10.1145/302405.302654},
 acmid = {302654},
 publisher = {ACM},
 address = {New York, NY, USA},
 keywords = {cohesion, coupling, empirical validation, measurement, metrics, object-oriented},
} 

@INPROCEEDINGS{Abubakar2006CSA, 
author={A. Abubakar and J. AlGhamdi and M. Ahmed}, 
booktitle={IEEE International Conference on Computer Systems and Applications, 2006.}, 
title={Can Cohesion Predict Fault Density?}, 
year={2006}, 
pages={890-893}, 
keywords={Computer industry;Computer science;Minerals;Open source software;Petroleum;Programming;Software measurement;Software metrics;Software reliability;Software systems}, 
doi={10.1109/AICCSA.2006.205193}, 
ISSN={2161-5322}, 
month={March},}

@article{Marcus2008TSE,
 author = {Marcus, Andrian and Poshyvanyk, Denys and Ferenc, Rudolf},
 title = {Using the Conceptual Cohesion of Classes for Fault Prediction in Object-Oriented Systems},
 journal = {IEEE Trans. Softw. Eng.},
 issue_date = {March 2008},
 volume = {34},
 number = {2},
 month = mar,
 year = {2008},
 issn = {0098-5589},
 pages = {287--300},
 numpages = {14},
 url = {http://dx.doi.org/10.1109/TSE.2007.70768},
 doi = {10.1109/TSE.2007.70768},
 acmid = {1399457},
 publisher = {IEEE Press},
 address = {Piscataway, NJ, USA},
 keywords = {Code documentation, Document analysis, Document indexing, Maintainability, Maintainability, Metrics/Measurement, Quality analysis and evaluation, Restructuring, reverse engineering, and reengineering, Code documentation, Document analysis, Document indexing, Metrics/Measurement, Quality analysis and evaluation, Restructuring, and reengineering, reverse engineering},
} 

@inproceedings{Briand1999ICSE,
 author = {Briand, Lionel C. and W\"{u}st, J\"{u}rgen and Ikonomovski, Stefan V. and Lounis, Hakim},
 title = {Investigating Quality Factors in Object-oriented Designs: An Industrial Case Study},
 booktitle = {Proceedings of the 21st International Conference on Software Engineering},
 series = {ICSE '99},
 year = {1999},
 isbn = {1-58113-074-0},
 location = {Los Angeles, California, USA},
 pages = {345--354},
 numpages = {10},
 url = {http://doi.acm.org/10.1145/302405.302654},
 doi = {10.1145/302405.302654},
 acmid = {302654},
 publisher = {ACM},
 address = {New York, NY, USA},
 keywords = {cohesion, coupling, empirical validation, measurement, metrics, object-oriented},
} 

@inproceedings{Briand1997ICSE,
 author = {Briand, Lionel and Devanbu, Prem and Melo, Walcelio},
 title = {An Investigation into Coupling Measures for C++},
 booktitle = {Proceedings of the 19th International Conference on Software Engineering},
 series = {ICSE '97},
 year = {1997},
 isbn = {0-89791-914-9},
 location = {Boston, Massachusetts, USA},
 pages = {412--421},
 numpages = {10},
 url = {http://doi.acm.org/10.1145/253228.253367},
 doi = {10.1145/253228.253367},
 acmid = {253367},
 publisher = {ACM},
 address = {New York, NY, USA},
 keywords = {C++ programming language, coupling on object-oriented design, prediction model of fault-prone components},
} 

@incollection{Briand2002,
title = "Empirical Studies of Quality Models in Object-Oriented Systems ",
editor = "Marvin V. Zelkowitz",
booktitle = "",
publisher = "Elsevier",
year = "2002",
volume = "56",
pages = "97 - 166",
series = "Advances in Computers ",
issn = "0065-2458",
doi = "https://doi.org/10.1016/S0065-2458(02)80005-5",
url = "http://www.sciencedirect.com/science/article/pii/S0065245802800055",
author = {Lionel C. Briand and J\"{u}rgen W\"{u}st}
}

@article{ElEmam2001TSE,
 author = {El Emam, Kalhed and Benlarbi, Sa\"{\i}da and Goel, Nishith and Rai, Shesh N.},
 title = {The Confounding Effect of Class Size on the Validity of Object-Oriented Metrics},
 journal = {IEEE Trans. Softw. Eng.},
 issue_date = {July 2001},
 volume = {27},
 number = {7},
 month = jul,
 year = {2001},
 issn = {0098-5589},
 pages = {630--650},
 numpages = {21},
 url = {http://dx.doi.org/10.1109/32.935855},
 doi = {10.1109/32.935855},
 acmid = {381786},
 publisher = {IEEE Press},
 address = {Piscataway, NJ, USA},
 keywords = {Object-oriented metrics, software quality, metrics validation, validation methodology, object-oriented quality, coupling metrics, inheritance metrics, cohesion metrics.},
} 

 @article{Arisholm2010JSS,
 author = {Arisholm, Erik and Briand, Lionel C. and JohannZhouessen, Eivind B.},
 title = {A Systematic and Comprehensive Investigation of Methods to Build and Evaluate Fault Prediction Models},
 journal = {Journal of Systems and Software},
 issue_date = {January, 2010},
 volume = {83},
 number = {1},
 month = jan,
 year = {2010},
 issn = {0164-1212},
 pages = {2--17},
 numpages = {16},
 url = {http://dx.doi.org/10.1016/j.jss.2009.06.055},
 doi = {10.1016/j.jss.2009.06.055},
 acmid = {1663909},
 publisher = {Elsevier Science Inc.},
 address = {New York, NY, USA},
 keywords = {Cost-effectiveness, Fault prediction models, Verification},
} 

@article{Radjenovic2013IST,
 author = {Radjenovi\'{c}, Danijel and Heri\v{c}ko, Marjan and Torkar, Richard and \v{Z}ivkovi\v{c}, Ale\v{s}},
 title = {Software Fault Prediction Metrics},
 journal = {Information and Software Technologies},
 issue_date = {August 2013},
 volume = {55},
 number = {8},
 month = aug,
 year = {2013},
 issn = {0950-5849},
 pages = {1397--1418},
 numpages = {22},
 url = {http://dx.doi.org/10.1016/j.infsof.2013.02.009},
 doi = {10.1016/j.infsof.2013.02.009},
 acmid = {2771005},
 publisher = {Butterworth-Heinemann},
 address = {Newton, MA, USA},
 keywords = {Software fault prediction, Software metric, Systematic literature review},
} 

@misc{_github_2017,
	type = {Repository hosting service},
	title = {{{GitHub}}},
	timestamp = {2017-02-24T05:54:32Z},
	howpublished = {\url{https://www.github.com/}},
	journal = {GitHub},
	year = {2017}
}
@misc{_apache_2017,
	title = {Apache {{Maven}}},
	shorttitle = {Maven},
	timestamp = {2017-02-24T05:58:04Z},
	publisher = {{The Apache Software Foundation}},
	year = {2017}
}
@misc{_github_2017-1,
	title = {{{GitHub Octoverse}} 2016},
	timestamp = {2017-02-27T08:08:38Z},
	urldate = {2017-02-27},
	howpublished = {\url{https://octoverse.github.com}},
	year = {2017}
}
@inproceedings{falleri_fine-grained_2014,
	address = {New York, NY, USA},
	series = {ASE '14},
	title = {Fine-Grained and {{Accurate Source Code Differencing}}},
	isbn = {978-1-4503-3013-8},
	doi = {10.1145/2642937.2642982},
	timestamp = {2015-10-05T19:26:51Z},
	booktitle = {Proceedings of the 29th {{ACM}}/{{IEEE International Conference}} on {{Automated Software Engineering}}},
	publisher = {{ACM}},
	author = {Falleri, Jean-R{\'e}my and Morandat, Flor{\'e}al and Blanc, Xavier and Martinez, Matias and Montperrus, Martin},
	year = {2014},
	keywords = {ast,program comprehension,software evolution,tree differencing},
	pages = {313--324}
}
@inproceedings{kalliamvakou_promises_2014,
	address = {New York, NY, USA},
	series = {MSR 2014},
	title = {The {{Promises}} and {{Perils}} of {{Mining GitHub}}},
	isbn = {978-1-4503-2863-0},
	doi = {10.1145/2597073.2597074},
	timestamp = {2014-12-26T20:39:23Z},
	urldate = {2014-12-26},
	booktitle = {Proceedings of the 11th {{Working Conference}} on {{Mining Software Repositories}}},
	publisher = {{ACM}},
	author = {Kalliamvakou, Eirini and Gousios, Georgios and Blincoe, Kelly and Singer, Leif and German, Daniel M. and Damian, Daniela},
	year = {2014},
	keywords = {bias,code reviews,git,github,mining software repositories},
	pages = {92--101}
}

@inproceedings{ohmann2016optimizing,
  title={Optimizing customized program coverage},
  author={Ohmann, Peter and Brown, David Bingham and Neelakandan, Naveen and Linderoth, Jeff and Liblit, Ben},
  booktitle={Automated Software Engineering (ASE), 2016 31st IEEE/ACM International Conference on},
  pages={27--38},
  year={2016},
  organization={IEEE}
}

@inproceedings{Tikir:2002:EIC:566172.566186,
 author = {Tikir, Mustafa M. and Hollingsworth, Jeffrey K.},
 title = {Efficient Instrumentation for Code Coverage Testing},
 booktitle = {Proceedings of the 2002 ACM SIGSOFT International Symposium on Software Testing and Analysis},
 series = {ISSTA '02},
 year = {2002},
 isbn = {1-58113-562-9},
 location = {Roma, Italy},
 pages = {86--96},
 numpages = {11},
 url = {http://doi.acm.org/10.1145/566172.566186},
 doi = {10.1145/566172.566186},
 acmid = {566186},
 publisher = {ACM},
 address = {New York, NY, USA},
 keywords = {code coverage, dominator tree, dynamic code deletion, dynamic code patching, on-demand instrumentation, testing},
} 


@inproceedings{bird_fair_2009,
	title = {Fair and Balanced?: Bias in Bug-Fix Datasets},
	timestamp = {2013-09-18T00:09:04Z},
	booktitle = {Proceedings of the the 7th Joint Meeting of the {{European}} Software Engineering Conference and the {{ACM SIGSOFT}} Symposium on {{The}} Foundations of Software Engineering},
	author = {Bird, Christian and Bachmann, Adrian and Aune, Eirik and Duffy, John and Bernstein, Abraham and Filkov, Vladimir and Devanbu, Premkumar},
	year = {2009},
	pages = {121--130}
}
@article{pedregosa_scikit-learn:_2011,
	title = {Scikit-Learn: {{Machine Learning}} in {{Python}}},
	volume = {12},
	timestamp = {2016-08-25T01:12:12Z},
	journal = {Journal of Machine Learning Research},
	author = {Pedregosa, F. and Varoquaux, G. and Gramfort, A. and Michel, V. and Thirion, B. and Grisel, O. and Blondel, M. and Prettenhofer, P. and Weiss, R. and Dubourg, V. and Vanderplas, J. and Passos, A. and Cournapeau, D. and Brucher, M. and Perrot, M. and Duchesnay, E.},
	year = {2011},
	pages = {2825--2830}
}
@misc{_understand_2017,
	title = {{{Understand}}\texttrademark{} {{Static Code Analysis Tool}}},
	publisher = {{Scientific Toolworks, Inc.}},
	author = "{Scientific Toolworks, Inc.}",
	timestamp = {2017-02-24T06:44:26Z},	
	howpublished = {\url{https://scitools.com/}},
	year = {2017}
}

@misc{pmd,
	title = {{{PMD}}\texttrademark{} {{Static Code Analysis Tool}}},
	timestamp = {2017-02-27T08:08:38Z},
	urldate = {2017-02-27},
	howpublished = {\url{https://pmd.github.io/}},
	year = {2017}
}

@misc{FindBugs,
	title = {{{FindBugs}}\texttrademark{} {{Static Code Analysis Tool}}},
	timestamp = {2017-02-27T08:08:38Z},
	urldate = {2017-02-27},
	howpublished = {\url{http://findbugs.sourceforge.net/}},
	year = {2017}
}

@inproceedings{rutar2004comparison,
	title={A comparison of bug finding tools for Java},
	author={Rutar, Nick and Almazan, Christian B and Foster, Jeffrey S},
	booktitle={Software Reliability Engineering, 2004. ISSRE 2004. 15th International Symposium on},
	pages={245--256},
	year={2004},
	organization={IEEE}
}

@inproceedings{Wong1997ISSRE,
 author = {Wong, W. Eric and Horgan, Joseph R. and London, Saul and Bellcore, Hira Agrawal},
 title = {A Study of Effective Regression Testing in Practice},
 booktitle = {Proceedings of the Eighth International Symposium on Software Reliability Engineering},
 series = {ISSRE '97},
 year = {1997},
 isbn = {0-8186-8120-9},
 pages = {264--},
 url = {http://dl.acm.org/citation.cfm?id=851010.856115},
 acmid = {856115},
 publisher = {IEEE Computer Society},
 address = {Washington, DC, USA},
 keywords = {Regression Testing, Modification-Based Test Selection, Test Set Minimization, Test Set Prioritization},
} 

@inproceedings{Do2004ISSRE,
 author = {Do, Hyunsook and Rothermel, Gregg and Kinneer, Alex},
 title = {Empirical Studies of Test Case Prioritization in a JUnit Testing Environment},
 booktitle = {Proceedings of the 15th International Symposium on Software Reliability Engineering},
 series = {ISSRE '04},
 year = {2004},
 isbn = {0-7695-2215-7},
 pages = {113--124},
 numpages = {12},
 url = {http://dx.doi.org/10.1109/ISSRE.2004.18},
 doi = {10.1109/ISSRE.2004.18},
 acmid = {1033822},
 publisher = {IEEE Computer Society},
 address = {Washington, DC, USA},
} 

@inproceedings{Bryce2007DOSTA,
 author = {Bryce, Ren{\'e}e C. and Memon, Atif M.},
 title = {Test Suite Prioritization by Interaction Coverage},
 booktitle = {Workshop on Domain Specific Approaches to Software Test Automation: In Conjunction with the 6th ESEC/FSE Joint Meeting},
 series = {DOSTA '07},
 year = {2007},
 isbn = {978-1-59593-726-1},
 location = {Dubrovnik, Croatia},
 pages = {1--7},
 numpages = {7},
 url = {http://doi.acm.org/10.1145/1294921.1294922},
 doi = {10.1145/1294921.1294922},
 acmid = {1294922},
 publisher = {ACM},
 address = {New York, NY, USA},
 keywords = {t-way interaction coverage, combinatorial interaction testing, covering arrays, event driven software, test suite prioritization},
} 

@Inbook{Belli2007,
author="Belli, Fevzi
and Eminov, Mubariz
and G{\"o}k{\c{c}}e, Nida",
editor="Bondavalli, Andrea
and Brasileiro, Francisco
and Rajsbaum, Sergio",
title="Coverage-Oriented, Prioritized Testing -- A Fuzzy Clustering Approach and Case Study",
bookTitle="Dependable Computing: Third Latin-American Symposium, LADC 2007, Morella, Mexico, September 26-28, 2007. Proceedings",
year="2007",
publisher="Springer Berlin Heidelberg",
address="Berlin, Heidelberg",
pages="95--110",
isbn="978-3-540-75294-3",
doi="10.1007/978-3-540-75294-3\_8",
url="http://dx.doi.org/10.1007/978-3-540-75294-3\_8"
}

@inproceedings{Do2008FSE,
 author = {Do, Hyunsook and Mirarab, Siavash and Tahvildari, Ladan and Rothermel, Gregg},
 title = {An Empirical Study of the Effect of Time Constraints on the Cost-benefits of Regression Testing},
 booktitle = {Proceedings of the 16th ACM SIGSOFT International Symposium on Foundations of Software Engineering},
 series = {SIGSOFT '08/FSE-16},
 year = {2008},
 isbn = {978-1-59593-995-1},
 location = {Atlanta, Georgia},
 pages = {71--82},
 numpages = {12},
 url = {http://doi.acm.org/10.1145/1453101.1453113},
 doi = {10.1145/1453101.1453113},
 acmid = {1453113},
 publisher = {ACM},
 address = {New York, NY, USA},
 keywords = {empirical studies, regression testing, test case prioritization},
}

@misc{aflfuzz,
  title = "american fuzzy lop (2.35b)",
  author = "Michal Zalewski",
  howpublished = "\url{http://lcamtuf.coredump.cx/afl/}",
  year = 2014,
  month = "November"
}


@inproceedings{Jiang2009ASE,
 author = {Jiang, Bo and Zhang, Zhenyu and Chan, W. K. and Tse, T. H.},
 title = {Adaptive Random Test Case Prioritization},
 booktitle = {Proceedings of the 2009 IEEE/ACM International Conference on Automated Software Engineering},
 series = {ASE '09},
 year = {2009},
 isbn = {978-0-7695-3891-4},
 pages = {233--244},
 numpages = {12},
 url = {http://dx.doi.org/10.1109/ASE.2009.77},
 doi = {10.1109/ASE.2009.77},
 acmid = {1747523},
 publisher = {IEEE Computer Society},
 address = {Washington, DC, USA},
 keywords = {Adaptive random testing, test case prioritization},
} 

@article{Maia2010ASE,
 author = {Maia, Camila Loiola Brito and do Carmo, Rafael Augusto Ferreira and de Freitas, Fabr\'{\i}cio Gomes and de Campos, Gustavo Auguso Lima and de Souza, Jerffeson Teixeira},
 title = {Automated Test Case Prioritization with Reactive GRASP},
 journal = {Adv. Soft. Eng.},
 issue_date = {January 2010},
 volume = {2010},
 month = jan,
 year = {2010},
 issn = {1687-8655},
 pages = {2:1--2:13},
 articleno = {2},
 numpages = {13},
 url = {http://dx.doi.org/10.1155/2010/428521},
 doi = {10.1155/2010/428521},
 acmid = {1945544},
 publisher = {Hindawi Publishing Corp.},
 address = {New York, NY, United States},
} 

@inproceedings{NotCorrelated,
 author = {Inozemtseva, Laura and Holmes, Reid},
 title = {Coverage is Not Strongly Correlated with Test Suite Effectiveness},
 booktitle = {Proceedings of the 36th International Conference on Software Engineering},
 series = {ICSE 2014},
 year = {2014},
 isbn = {978-1-4503-2756-5},
 location = {Hyderabad, India},
 pages = {435--445},
 numpages = {11},
 url = {http://doi.acm.org/10.1145/2568225.2568271},
 doi = {10.1145/2568225.2568271},
 acmid = {2568271},
 publisher = {ACM},
 address = {New York, NY, USA},
 keywords = {Coverage, test suite effectiveness, test suite quality},
} 

@article{Tahat2012STVR,
 author = {Tahat, Luay and Korel, Bogdan and Harman, Mark and Ural, Hasan},
 title = {Regression Test Suite Prioritization Using System Models},
 journal = {Softw. Test. Verif. Reliab.},
 issue_date = {November 2012},
 volume = {22},
 number = {7},
 month = nov,
 year = {2012},
 issn = {0960-0833},
 pages = {481--506},
 numpages = {26},
 url = {http://dx.doi.org/10.1002/stvr.461},
 doi = {10.1002/stvr.461},
 acmid = {2389472},
 publisher = {John Wiley and Sons Ltd.},
 address = {Chichester, UK},
 keywords = {extended finite state machine model, model-based testing, test suite prioritization},
} 

@inproceedings{Filho2010ACSACW,
 author = {Filho, Roberto S.  Silva and Budnik, Christof J. and Hasling, William M. and McKenna, Monica and Subramanyan, Rajesh},
 title = {Supporting Concern-Based Regression Testing and Prioritization in a Model-Driven Environment},
 booktitle = {Proceedings of the 2010 IEEE 34th Annual Computer Software and Applications Conference Workshops},
 series = {COMPSACW '10},
 year = {2010},
 isbn = {978-0-7695-4105-1},
 pages = {323--328},
 numpages = {6},
 url = {http://dx.doi.org/10.1109/COMPSACW.2010.63},
 doi = {10.1109/COMPSACW.2010.63},
 acmid = {1909391},
 publisher = {IEEE Computer Society},
 address = {Washington, DC, USA},
 keywords = {Model-driven testing, test development, regression testing, test prioritization},
} 

@INPROCEEDINGS{Hou2008ICSM, 
author={Shan-Shan Hou and Lu Zhang and Tao Xie and Jia-Su Sun}, 
booktitle={2008 IEEE International Conference on Software Maintenance}, 
title={Quota-constrained test-case prioritization for regression testing of service-centric systems}, 
year={2008}, 
pages={257-266}, 
keywords={Web services;integer programming;linear programming;program testing;regression analysis;software maintenance;Web services;integer linear programming;quota constraint;quota-constrained test-case prioritization;regression testing;service-centric systems;software maintenance;Computer science;Computer science education;Costs;Educational technology;Electronic equipment testing;Laboratories;Software maintenance;Software testing;System testing;Web services}, 
doi={10.1109/ICSM.2008.4658074}, 
ISSN={1063-6773}, 
month={Sept},}

@inproceedings{Kim2002ICSE,
 author = {Kim, Jung-Min and Porter, Adam},
 title = {A History-based Test Prioritization Technique for Regression Testing in Resource Constrained Environments},
 booktitle = {Proceedings of the 24th International Conference on Software Engineering},
 series = {ICSE '02},
 year = {2002},
 isbn = {1-58113-472-X},
 location = {Orlando, Florida},
 pages = {119--129},
 numpages = {11},
 url = {http://doi.acm.org/10.1145/581339.581357},
 doi = {10.1145/581339.581357},
 acmid = {581357},
 publisher = {ACM},
 address = {New York, NY, USA},
 keywords = {empirical study, prioritization, regression testing, test history},
} 

@inproceedings{Walcott2006ISSTA,
 author = {Walcott, Kristen R. and Soffa, Mary Lou and Kapfhammer, Gregory M. and Roos, Robert S.},
 title = {TimeAware Test Suite Prioritization},
 booktitle = {Proceedings of the 2006 International Symposium on Software Testing and Analysis},
 series = {ISSTA '06},
 year = {2006},
 isbn = {1-59593-263-1},
 location = {Portland, Maine, USA},
 pages = {1--12},
 numpages = {12},
 url = {http://doi.acm.org/10.1145/1146238.1146240},
 doi = {10.1145/1146238.1146240},
 acmid = {1146240},
 publisher = {ACM},
 address = {New York, NY, USA},
 keywords = {coverage testing, genetic algorithms, test prioritization},
} 

@INPROCEEDINGS{Fatiregun2004SCAM, 
author={D. Fatiregun and M. Harman and R. M. Hierons}, 
booktitle={Source Code Analysis and Manipulation, Fourth IEEE International Workshop on}, 
title={Evolving transformation sequences using genetic algorithms}, 
year={2004}, 
pages={65-74}, 
keywords={genetic algorithms;program compilers;compiler optimization;genetic algorithms;hill climbing;program comprehension;random search;reverse engineering;search techniques;search-based meta-heuristic algorithms;source-code level metric;synthetic program transformation;transformation algorithms;transformation sequences;Amorphous materials;Genetic algorithms;Humans;Information systems;Optimizing compilers;Program processors;Reverse engineering;Software engineering;Software maintenance;Software testing}, 
doi={10.1109/SCAM.2004.11}, 
month={Sept},}

@ARTICLE{Dolado2000TSE, 
author={J. J. Dolado}, 
journal={IEEE Transactions on Software Engineering}, 
title={A validation of the component-based method for software size estimation}, 
year={2000}, 
volume={26}, 
number={10}, 
pages={1006-1021}, 
keywords={high level languages;software development management;software metrics;software reusability;Mark II function points;fourth-generation language;Genetic-Random programming;lines of code;neural networks;software component-based method;software management;software size estimation;software size prediction;work planning;Equations;Genetic programming;Lab-on-a-chip;Life estimation;Linear regression;Neural networks;Project management;Size measurement;Software measurement;Software systems}, 
doi={10.1109/32.879821}, 
ISSN={0098-5589}, 
month={Oct},}

@inproceedings{tian_identifying_2012,
 author = {Tian, Yuan and Lawall, Julia and Lo, David},
 title = {Identifying Linux Bug Fixing Patches},
 booktitle = {Proceedings of the 34th International Conference on Software Engineering},
 series = {ICSE '12},
 year = {2012},
 isbn = {978-1-4673-1067-3},
 location = {Zurich, Switzerland},
 pages = {386--396},
 numpages = {11},
 url = {http://dl.acm.org/citation.cfm?id=2337223.2337269},
 acmid = {2337269},
 publisher = {IEEE Press},
 address = {Piscataway, NJ, USA},
} 

@inproceedings{UnitMeister,
  title={Parameterized unit tests with {Unit Meister}},
  author={Tillmann, Nikolai and Schulte, Wolfram},
   booktitle = {Proceedings of the 10th European Software Engineering Conference Held Jointly with 13th ACM SIGSOFT International Symposium on Foundations of Software Engineering},
  pages={241--244},
  year={2005}
}


@inproceedings{ParamUnit,
 author = {Tillmann, Nikolai and Schulte, Wolfram},
 title = {Parameterized Unit Tests},
 booktitle = {ACM SIGSOFT International Symposium on Foundations of Software Engineering},
 year = {2005},
 pages = {253--262}
} 

@inproceedings{Steelix,
  title={Steelix: program-state based binary fuzzing},
  author={Li, Yuekang and Chen, Bihuan and Chandramohan, Mahinthan and Lin, Shang-Wei and Liu, Yang and Tiu, Alwen},
  booktitle={Proceedings of the 2017 11th Joint Meeting on Foundations of Software Engineering},
  pages={627--637},
  year={2017},
  organization={ACM}
}

@article{EulerPrimes,
  title={Euler’s famous prime generating polynomial and the class number of imaginary quadratic fields},
  author={Ribenboim, Paulo},
  journal={My Numbers, My Friends: Popular Lectures on Number Theory},
  pages={91--111},
  year={2000},
  publisher={Springer}
}

@inproceedings{TestFS,
  title={Using declarative invariants for protecting file-system integrity},
  author={Sun, Jack and Fryer, Daniel and Goel, Ashvin and Brown, Angela Demke},
  booktitle={Proceedings of the 6th Workshop on Programming Languages and Operating Systems},
  pages={6},
  year={2011},
  organization={ACM}
}

@inproceedings{KnaFli17,
	Author = {J. Knapp and P. G. Flikkema},
	Booktitle = {2017 IEEE Global IoT Summit (GIoTS-2017)},
	Month = June,
	Title = {Design and Implementation of an Energy-Neutral Solar Energy System for Wireless Sensor-Actuator Nodes},
	Year = 2017}
    

@inproceedings{FliEtAl12,
	Author = {Flikkema, P.G. and Yamamoto, K.R. and Boegli, S. and Porter, C. and Heinrich, P.},
	Booktitle = {2012 IEEE International Conference on Green Computing and Communications (GreenCom)},
	Date-Added = {2015-06-19 05:16:16 +0000},
	Date-Modified = {2015-06-19 05:16:33 +0000},
	Doi = {10.1109/GreenCom.2012.61},
	Keywords = {climate mitigation;data assimilation;design of experiments;distributed control;ecology;energy conservation;genetics;irrigation;temperature control;vegetation;CPS;climate change;climate driver;cyber-eco system;cyber-physical system;data assimilation;data-driven predictive model;design of experiment;distributed control;distributed ecological experiment;ecological system;energy conservation;energy latency;energy-aware hardware/software design;environment;genetics;geographically-distributed outdoor garden;heterogeneous node;inference;irrigation;networked sensing;networking protocol;parallel-processing node hardware design;physical-system model;plant growth dynamics;plant survival;real-time processing;sensor/actuator network design;sensor/actuator node design;site-level networking;system architecture;temperature control;water availability;Actuators;Irrigation;Meteorology;Soil;Temperature measurement;Temperature sensors;cyber-eco systems;cyber-physical systems;ecological systems engineering;networks;sensor;sensor/actuator},
	Month = {Nov},
	Pages = {372-381},
	Title = {Towards Cyber-Eco Systems: Networked Sensing, Inference and Control for Distributed Ecological Experiments},
	Year = {2012},
	Bdsk-Url-1 = {http://dx.doi.org/10.1109/GreenCom.2012.61}}

@article{ClaEtAl11,
	Author = {J.S. Clark and P.K. Agarwal and D. M. Bell and P.G. Flikkema and A. Gelfand and X. Nguyen and E. Ward and J. Yang},
	Date-Modified = {2012-02-12 23:21:09 +0000},
	Journal = {Ecological Applications},
	Month = {July},
	Note = {In press},
	Number = {5},
	Title = {Inferential Ecosystem Models, from Network Data to Prediction},
	Volume = {21},
	Year = {2011}}


@article{GhoEtAl2014,
	Author = {Ghosh, Souparno and Bell, David M. and Clark, James S and Gelfand, Alan E. and Flikkema, Paul G.},
	Date-Added = {2015-06-19 02:52:16 +0000},
	Date-Modified = {2015-06-19 02:52:50 +0000},
	Journal = {Statistical Methodology},
	Pages = {99--112},
	Publisher = {Elsevier},
	Title = {Process modeling for soil moisture using sensor network data},
	Volume = {17},
	Year = {2014}}


@inproceedings{FliICC2011,
	Author = {Paul G. Flikkema},
	Booktitle = {Communications Workshops, IEEE Int'l Conference on Communications (ICC 2011)},
	Date-Modified = {2012-07-12 21:28:28 +0000},
	Month = {June},
	Pages = {1-5},
	Title = {How Much Information Per Joule? {M}easuring the Energy Efficiency of Inferential Wireless Sensing},
	Year = {2011}}


@article{BelEtAl2015,
	Author = {Bell, David M and Ward, Eric J and Oishi, A Christopher and Oren, Ram and Flikkema, Paul G and Clark, James S},
	Date-Added = {2015-06-19 02:54:11 +0000},
	Date-Modified = {2015-06-19 02:54:44 +0000},
	Journal = {Tree Physiology},
	Publisher = {Oxford University Press},
	Title = {A state-space modeling approach to estimating canopy conductance and associated uncertainties from sap flux density data},
	Year = {2015}}
    
    
@inproceedings{FliSENSORS2010,
	Author = {Paul G. Flikkema},
	Booktitle = {Ninth Annual IEEE Conference on Sensors (SENSORS 2010)},
	Title = {Energy-efficient Model Inference in Wireless Sensing: Asymmetric Data Processing},
	Year = {2010}}


@incollection{YamEtAl10,
	Author = {K. Yamamoto and Y. He and P. Heinrich and A. Orange and B. Ruggeri and H. Wilberger and P.G. Flikkema},
	Booktitle = {The Colorado Plateau IV: Shaping Conservation Through Science and Management},
	Editor = {Charles van Riper III and Brian F. Wakeling and Thomas D. Sisk},
	Pages = {101-108},
	Publisher = {The University of Arizona Press},
	Title = {{WiSARDNet} Field-to-Desktop: Building a Wireless Cyberinfrastructure for Environmental Monitoring},
	Year = 2010}
