@string{ieeeicsm="IEEE International Conference on Software Maintenance"}
@string{acmase="IEEE/ACM Automated Software Engineering"}
@string{mutationworkshop = "Workshop on Mutation Analysis"}
@string{sbstworkshop = "Workshop on Search-Based Software Testing"}
@string{fst="Foundations of Software Testing"}
@string{sbes="Brazilian Symposium on Software Engineering (SBES)"}
@string{astw="International Workshop on Automation of Software Test"}
@string{advse="Advances in Software Engineering"}
@string{acmse="ACM Annual Southeast Regional Conference"}
@string{acmse="ACM Annual Southeast Regional Conference"}
@string{fse="ACM SIGSOFT Symposium on The Foundations of Software Engineering"}
@string{popl = "ACM SIGPLAN-SIGACT symposium on Principles of programming languages"}
@string{icse = "International Conference on Software Engineering"}
@string{ijmms = "International Journal of Man-machine Studies"}
@string{stvr = "Software Testing, Verification and Reliability"}
@string{stva = "Software Testing, Verification and Analysis"}
@string{computer = "Computer"}
@string{acmsen = "ACM SIGSOFT Software Engineering Notes"}
@string{ieeetse = "IEEE Transactions on Software Engineering"}
@string{tosem =   "ACM Transactions on Software Engineering and Methodology"}
@string{issrew = "International Symposium on Software Reliability Engineering Workshops"}
@string{compsac = "Computer Software and Applications Conference."}
@string{acmissta = "ACM SIGSOFT International Symposium on Software Testing and Analysis"}
@string{jss = "The Journal of Systems and Software"}
@string{issre = "International Symposium on Software Reliability Engineering"}
@string{scp = "Science of Computer Programming"}
@string{ist = "Information and Software Technology"}
@string{icstw = "International Conference on Software Testing, Verification and Validation Workshops"}
@string{icst = "International Conference on Software Testing, Verification and Validation"}
@string{ieeescam = "IEEE International Working Conference on Source Code Analysis and Manipulation"}
@string{pldi = "ACM SIGPLAN Conference on Programming Language Design and Implementation"}

@string{and = " and "}
@string{wewong = "Weichen Eric Wong"}
@string{mathur = "Aditya P Mathur"}
@string{howden = "William. E Howden"}
@string{delamaro = "Marcio Eduardo Delamaro"}
@string{maldonado = "Jos{\'e} Carlos Maldonado"}
@string{budd = "Timothy Alan Budd"}
@string{lipton = "Richard J Lipton"}
@string{demillo = "Richard A DeMillo"}
@string{acree = "Allen Troy Acree"}
@string{sayward = "Frederick G Sayward"}
@string{wah = "K S How Tai Wah"}
@string{offutt = "A Jefferson Offutt"}
@string{voas = "Jeffrey M. Voas"}
@string{ammann = "Paul Ammann"}
@string{andrews = "James H Andrews"}
@string{briand = "Lionel C Briand"}
@string{namin = "Akbar Siami Namin"}
@string{karkala = "Sahitya Kakarla"}
@string{rothermel = "Gregg Rothermel"}
@string{untch = "Roland H Untch"}
@string{zapf = "Christian Zapf" }
@string{frankl = "Phyllis G Frankl" }
@string{weyuker = "Elaine J. Weyuker" }

@string{groce = "Alex Groce"}
@string{jensen = "Carlos Jensen"}
@string{ahmed = "Iftekhar Ahmed"}
@string{alipour = "Mohammad Amin Alipour"}
@string{gopinath = "Rahul Gopinath"}


@inproceedings{gligoric2013comparing,
  title={Comparing Non-adequate Test Suites using Coverage Criteria},
  author={Gligoric, Milos} # and # groce # and # {Zhang, Chaoqiang and Sharma, Rohan} # and # alipour # and # {Marinov, Darko},
  booktitle=acmissta,
  year={2013},
  publisher={ACM}
}

@misc{randoop,
    author = {Carlos Pacheco and Michael D. Ernst},
    title = {Randoop Random Test Generation},
    howpublished = {\url{http://code.google.com/p/randoop}},
    urldate = {2013-07-06}
}

@misc{maven,
    author = {{Apache Software Foundation}},
    title = {Apache Maven Project},
    howpublished = {\url{http://maven.apache.org}},
    urldate = {2013-07-06}
}
@techreport{agrawal1989design,
  address = {West Lafayette, IN, },
  author = {Agrawal, Hiralal} # and # demillo # and # {Hathaway, Bob and Hsu, William and Hsu, Wynne and Krauser, E. W. and Martin, R. J.} # and # mathur # and # {Spafford, Eugene},
  institution = {Software Engineering Research Center, Purdue University},
  month = {March},
  number = {SERC-TR41-P},
  title = {Design of Mutant Operators for the {C} Programming Language},
  year = 1989
}

@inproceedings{antoniol2008isitabug,
  author = {Antoniol, Giuliano and Ayari, Kamel and Di Penta, Massimiliano and Khomh, Foutse and Gu{\'e}h{\'e}neuc, Yann-Ga\"{e}l},
  title = {Is It a Bug or an Enhancement?: A Text-based Approach to Classify Change Requests},
  booktitle = {Conference of the Center for Advanced Studies on Collaborative Research: Meeting of Minds},
  series = {CASCON '08},
  year = {2008},
  pages = {23:304--23:318},
  publisher = {ACM},
  address = {New York, NY, USA},
}

@misc{crm114,
    author = {CRM114},
    title = {CRM114 Classifier},
    howpublished = {\url{http://crm114.sourceforge.net}},
    urldate = {2013-12-29}
}

@misc{github,
    author = {{GitHub Inc.}},
    title = {Software Repository},
    howpublished = {\url{http://www.github.com}},
    urldate = {2013-07-06}
}
@misc{gitlang,
    author = {{GitHub Inc.}},
    title = {GitHub Languages},
    howpublished = {\url{http://www.github.com/languages}},
    urldate = {2013-07-06}
}
@misc{tiobe,
    author = {{TIOBE}},
    title = {TIOBE Index},
    howpublished = {\url{http://www.tiobe.com/index.php/content/paperinfo/tpci/index.html}},
    urldate = {2013-07-06}
}
@misc{emma,
    author = {Vlad Roubtsov and Others},
    title = {Emma - A free Java code coverage tool},
    howpublished = {\url{http://emma.sourceforge.net/}},
    urldate = {2013-07-06}
}
@misc{codecover,
    author = {Rainer Schmidberger and Others},
    title = {CodeCover - an open-source glass-box testing tool},
    howpublished = {\url{http://codecover.org/}},
    urldate = {2013-07-06}
}
@misc{cobertura,
    author = {Mark Doliner and Others},
    title = {Cobertura - A code coverage utility for Java.},
    howpublished = {\url{http://cobertura.github.io/cobertura}},
    urldate = {2013-07-06}
}
@misc{mockit,
    author = {Rog√©rio Liesenfeld},
    title = {JMockit - A developer testing toolkit for Java},
    howpublished = {\url{http://code.google.com/p/jmockit/}},
    urldate = {2013-07-06}
}

@article{rice1953classes,
  title={Classes of recursively enumerable sets and their decision problems},
  author={Rice, Henry Gordon},
  journal={Transactions of the American Mathematical Society},
  volume={74},
  number={2},
  pages={358--366},
  year={1953},
  publisher={JSTOR}
}

@article{beizer20672software,
  title={Software testing techniques},
  author={Beizer, Boris},
  journal={New York, ISBN: 0-442-20672-0},
  year={1990}
}

@book{ecsc,
  publisher={European Cooperation for Space Coordination, Space product assurance - Software product assurance},
  author={ESA Requirements and Standards Division},
  title={ECSS-Q-ST-80C, Section 6.2.3.2},
  year={2009}
}



* Efficient mutation testing by checking invariant violations
Checking for equivalent mutationss
@inproceedings{schuler2009efficient,
  title={Efficient mutation testing by checking invariant violations},
  author={Schuler, David and Dallmeier, Valentin and Zeller, Andreas},
  booktitle=acmissta,
  pages={69--80},
  year={2009},
  organization={ACM}
}

* On Mutation
Mutation testing is better at finding faults than other techniques.
@phdthesis{acree1980mutation,
  author = acree,
  title = {On Mutation},
  year = {1980},
  publisher = {Georgia Institute of Technology},
  school = {Georgia Institute of Technology},
  address = {Atlanta, GA, USA},
}



* A measure of test case completeness (software, engineering)},
Mutation testing is better at finding faults than other techniques.
@phdthesis{walsh1985ameasure,
  author = {Walsh, Patrick Joseph},
  title = {A measure of test case completeness},
  year = {1985},
  note = {AAI8514636},
  publisher = {State University of New York at Binghamton},
  address = {Binghamton, NY, USA},
}

Mutation analysis
Mutation testing is better at finding faults than other techniques.
@book{budd1979mutation,
  title={Mutation analysis},
  author=budd # and # lipton # and # demillo # and # sayward,
  year={1979},
  publisher={Yale University, Department of Computer Science}
}


* On the effectiveness of the test-first approach to programming
TDD introduction
@article{erdogmus2005ontheeffectiveness,
  author={Erdogmus, H. and Morisio, Maurizio and Torchiano, Marco},
  journal=ieeetse,
  title={On the effectiveness of the test-first approach to programming},
  year={2005},
  volume={31},
  number={3},
  pages={226-237},
  ISSN={0098-5589},
}

@inproceedings{gopinath2014mutations,
  author=gopinath # and # jensen # and # groce,
  booktitle=issre,
  title={Mutations: How Close are they to Real Faults?},
  year={2014},
  month={Nov},
  pages={189-200},
  ISSN={1071-9458}
}

@inproceedings{gopinath2016on,
  title={On The Limits Of Mutation Reduction Strategies},
  author=gopinath # and # alipour # and # ahmed # and # jensen # and # groce,
  booktitle=icse,
  year={2016},
  organization={IEEE}
}

@inproceedings{gopinath2014code,
  title={Code Coverage for Suite Evaluation by Developers},
  author=gopinath # and # jensen # and # groce,
  booktitle=icse,
  year={2014},
  organization={IEEE}
}

@inproceedings{andrews2005mutation,
  title={Is mutation an appropriate tool for testing experiments?},
  author=andrews # and # briand # and # {Labiche, Yvan},
  booktitle=icse,
  pages={402--411},
  year={2005},
  organization={IEEE}
}


* Weak Mutation Testing and Completeness of Test Sets
Introducing week mutation testing
@article{howden1982weakmutation,
  author = howden,
  title = {Weak Mutation Testing and Completeness of Test Sets},
  journal = ieeetse,
  volume = {8},
  number = {4},
  month = jul,
  year = {1982},
  issn = {0098-5589},
  pages = {371--379},
  publisher = {IEEE Press},
  address = {Piscataway, NJ, USA},
  keywords = {Complete, effective, mutations, testing, testing, Complete, effective, mutations},
}

* Decreasing the cost of mutation testing with second-order mutants
Mutation is expensive.
@article{polo2009decreasing,
  title={Decreasing the cost of mutation testing with second-order mutants},
  author={Polo, Macario and Piattini, Mario and Garc{\'\i}a-Rodr{\'\i}guez, Ignacio},
  journal=stvr,
  volume={19},
  number={2},
  pages={111--131},
  year={2009},
  publisher={Wiley Online Library}
}

* Efficiency of mutation operators and selective mutation strategies: An empirical study
@article{mresa1999efficiency,
  title={Efficiency of mutation operators and selective mutation strategies: An empirical study},
  author={Mresa, Elfurjani S and Bottaci, Leonardo},
  journal=stvr,
  volume={9},
  number={4},
  pages={205--232},
  year={1999},
  publisher={Chichester, Sussex, England: J. Wiley, c1992-}
}

* Hints on test data selection: Help for the practicing programmer
Coupling effect
@article{demillo1978hints,
  title={Hints on test data selection: Help for the practicing programmer},
  author=demillo # and # lipton # sayward,
  journal={Computer},
  volume={11},
  number={4},
  pages={34--41},
  year={1978},
  publisher={IEEE}
}

@techreport{lipton1971fault,
  title={Fault Diagnosis of Computer Programs},
  author=lipton,
  institution={Carnegie Mellon University},
  year={1971},
}

@inproceedings{offutt1993anexperimental,
  author=offutt # and # rothermel # and # zapf,
  booktitle=icse,
  title={An experimental evaluation of selective mutation},
  year={1993},
  pages={100-107},
  ISSN={0270-5257},
}

@article{mccabe1976complexity,
  title={A complexity measure},
  author={McCabe, Thomas J},
  journal=ieeetse,
  number={4},
  pages={308--320},
  year={1976},
  publisher={IEEE}
}


* todo
@article{poston1990power,
  title={The Power of Simple Software Testing Metrics},
  author={Poston, Robert},
  journal={Software Testing Times},
  volume={3},
  number={1993},
  year={1990}
}

* Quote
Although our experiments were designed to measure ectiveness, we also observed that using
these criteria, particularly mutation testing, was costly. Even for these small subject programs, the
human effort needed to check a large number of mutants for equivalence was almost prohibitive
@article{frankl1997all,
  title={All-uses vs mutation testing: an experimental comparison of effectiveness},
  author=frankl # and # {Weiss, Stewart N and Hu, Cang},
  journal={Journal of Systems and Software},
  volume={38},
  number={3},
  pages={235--253},
  year={1997},
  publisher={Elsevier}
}
@inproceedings{namin2011theuse,
  author = namin # and # kakarla,
  title = {The Use of Mutation in Testing Experiments and Its Sensitivity to External Threats},
  booktitle = acmissta,
  year = {2011},
  pages = {342--352},
  publisher = {ACM},
  address = {New York, NY, USA},
  keywords = {experimental design, hand-seeded faults, mutants, mutation testing, real faults, statistical analysis},
}
@article{offutt1994using,
  title={Using compiler optimization techniques to detect equivalent mutants},
  author=offutt # and # {Craft, W Michael},
  journal=stvr,
  volume={4},
  number={3},
  pages={131--154},
  year={1994},
  publisher={Wiley Online Library}
}
@article{schuler2013covering,
  title={Covering and uncovering equivalent mutants},
  author={Schuler, David and Zeller, Andreas},
  journal=stvr,
  volume={23},
  number={5},
  pages={353--374},
  year={2013},
  publisher={Wiley Online Library}
}

@inproceedings{nica2012using,
  author = {Simona Nica and Franz Wotawa},
  title = {Using Constraints for Equivalent Mutant Detection},
  booktitle = {Workshop on Formal Methods in the Development of Software, {WS-FMDS}},
  pages = {1--8},
  year = {2012},
}
@article{offutt1997automatically,
  title={Automatically detecting equivalent mutants and infeasible paths},
  author=offutt # and # {Pan, Jie},
  journal=stvr,
  volume={7},
  number={3},
  pages={165--192},
  year={1997},
  publisher={Wiley Online Library}
}

* Relation between mutation , faults and coverage
@article{andrews2006using,
  title={Using mutation analysis for assessing and comparing testing coverage criteria},
  author=andrews # and # briand # and # {Labiche, Yvan} # and # namin,
  journal=ieeetse,
  volume={32},
  number={8},
  pages={608--624},
  year={2006},
  publisher={IEEE}
}

@article{arcuri2014hitchhiker,
  title={A hitchhiker's guide to statistical tests for assessing randomized algorithms in software engineering},
  author={Arcuri, Andrea and Briand, Lionel},
  journal={Software Testing, Verification and Reliability},
  volume={24},
  number={3},
  pages={219--250},
  year={2014}
}


@inproceedings{kintis2010evaluating,
  title={Evaluating mutation testing alternatives: A collateral experiment},
  author={Kintis, Marinos and Papadakis, Mike and Malevris, Nicos},
  booktitle={Asia Pacific Software Engineering Conference (APSEC)},
  pages={300--309},
  year={2010},
  organization={IEEE}
}

@inproceedings{pacheco2007randoop,
  title={Randoop: feedback-directed random testing for Java},
  author={Pacheco, Carlos and Ernst, Michael D},
  booktitle={Companion to the 22nd ACM SIGPLAN conference on Object-oriented programming systems and applications companion},
  pages={815--816},
  year={2007},
  organization={ACM}
}

@mastersthesis{kakarla2010analysis,
  title={An Analysis of Parameters Influencing Test Suite Effectiveness},
  author=kakarla,
  year={2010},
  school={Texas Tech University}
}

@mastersthesis{inozemtseva2012predicting,
  title={Predicting Test Suite Effectiveness for Java Programs},
  author={Inozemtseva, Laura Michelle McLean},
  year={2012},
  school={University of Waterloo}
}

@inproceedings{namin2009influence,
  title={The influence of size and coverage on test suite effectiveness},
  author=namin # and # andrews,
  booktitle=acmissta,
  pages={57--68},
  year={2009},
  organization={ACM}
}


* Investigations of the software testing coupling effect
Offutt showed empirical support for one of the basic premises of mutation testing, that a test data set that detects simple faults (such as those introduced by mutation) will detect complex faults, i.e., the combination of several simple faults.
@article{offutt1992investigations,
  title={Investigations of the software testing coupling effect},
  author=offutt,
  journal=tosem,
  volume={1},
  number={1},
  pages={5--20},
  year={1992},
  publisher={ACM}
}
The Coupling Effect: Fact or Fiction? '89, Offut

@techreport{offutt1996subsumption,
  author=offutt # and # voas,
  title={Subsumption of condition coverage techniques by mutation testing},
  institution={Technical Report ISSE-TR-96-01, Information and Software Systems Engineering, George Mason University},
  year = {1996}
}

@book{ammann2008introduction,
  title={Introduction to software testing},
  author=ammann # and # offutt,
  year={2008},
  publisher={Cambridge University Press}
}

@book{young2008software,
  title={Software testing and analysis: process, principles, and techniques},
  author={Young, Michal},
  year={2008},
  publisher={John Wiley \& Sons}
}
cited in (path subsumes branch.)
@phdthesis{sarabi2012evaluation,
  title={Evaluation of Structural Testing Effectiveness in Industrial Model-driven Software Development},
  author={Sarabi, Mahdi},
  year={2012},
  school={M{\"a}lardalen University}
}

@article{myer1979art,
  title={The art of software testing},
  author={Myers, Glenford J},
  journal={A Willy-Interscience Pub},
  year={1979}
}

@article{frankl1993formal,
  title={A formal analysis of the fault-detecting ability of testing methods},
  author=frankl # and # weyuker,
  journal=ieeetse,
  volume={19},
  number={3},
  pages={202--213},
  year={1993},
  publisher={IEEE}
}

* An analysis of the coupling effect {I}: single test data
Coupling effect holds so long as the programs are small enough.
@article{how2003analysis,
  title={An analysis of the coupling effect {I}: single test data},
  author=wah,
  journal={Science of Computer Programming},
  volume={48},
  number={2},
  pages={119--161},
  year={2003},
  publisher={Elsevier}
}

@article{wah2000theoretical,
  title={A theoretical study of fault coupling},
  author=wah,
  journal=stvr,
  volume={10},
  number={1},
  pages={3--45},
  year={2000},
  publisher={Wiley Online Library}
}

@inproceedings{fraser2011evosuite,
 author = {Fraser, Gordon and Arcuri, Andrea},
 title = {EvoSuite: automatic test suite generation for object-oriented
software},
 booktitle = fse,
 year = {2011},
 pages = {416--419},
 publisher = {ACM},
}

@inproceedings{pacheco2007feedback,
  author = {Carlos Pacheco and Shuvendu K. Lahiri and Michael D. Ernst and Thomas Ball},
  title = {Feedback-directed Random Test Generation},
  booktitle = {International Conference on Software Engineering},
  year = {2007},
  pages = {75--84}
}

@inproceedings{groce2012swarm,
  author = groce # and # {Chaoqiang Zhang and Eric Eide and Yang Chen and John Regehr},
  title = {Swarm Testing},
  booktitle = {International Symposium on Software Testing and Analysis},
  year = 2012,
  pages = "78--88"
}

@misc{ecssqst80c,
  title={ECSS-Q-ST-80C. ESA Requirements and Standards Division},
  author={European Cooperation for Space Coordination Space product assurance - Software product assurance},
  year={2009}
}

@inproceedings{groce2009quickly,
  title={(Quickly) testing the tester via path coverage},
  author=groce,
  booktitle={International Workshop on Dynamic Analysis},
  pages={22--28},
  year={2009},
  organization={ACM}
}


Is Branch Coverage a Good Measure of Testing Effectiveness?
@incollection{wei2012branch,
  author = {Wei, Yi and Meyer, Bertrand and Oriol, Manuel},
  chapter = {Is branch coverage a good measure of testing effectiveness?},
  title = {Empirical Software Engineering and Verification},
  editor = {Meyer, Bertrand and Nordio, Martin},
  year = {2012},
  isbn = {978-3-642-25230-3},
  pages = {194--212},
  publisher = {Springer-Verlag},
  address = {Berlin, Heidelberg},
  keywords = {branch coverage, experimental evaluation, random testing},
}

Reviewing 25 Years of Testing Technique Experiments
Is Mutation Testing Scalable for Real-World Software Projects?
All uses mutation testing: An experimental comparison of effectiveness.
Predicting Test Suite Effectiveness for Java Programs : check summary/citation of other papers.
http://www.ece.ubc.ca/~irenek/techpaps/mutate/mutation.html
http://www.cs.gmu.edu/~offutt/rsrch/sejournals.html

@article{usaola2010mutation,
  title={Mutation testing cost reduction techniques: a survey},
  author={Usaola, Macario Polo and Mateo, Pedro Reales},
  journal={Software, IEEE},
  volume={27},
  number={3},
  pages={80--86},
  year={2010},
  publisher={IEEE}
}

@incollection{offutt2001mutation,
  title={Mutation 2000: Uniting the orthogonal},
  author=offutt # and # untch,
  booktitle={Mutation testing for the new century},
  pages={34--44},
  year={2001},
  publisher={Springer}
}

@incollection{eldh2007component,
  title={Component testing is not enough-a study of software faults in telecom middleware},
  author={Eldh, Sigrid and Punnekkat, Sasikumar and Hansson, Hans and J{\"o}nsson, Peter},
  booktitle={Testing of Software and Communicating Systems},
  pages={74--89},
  year={2007},
  publisher={Springer}
}

@article{ostrand2005predicting,
  title={Predicting the location and number of faults in large software systems},
  author={Ostrand, Thomas J} #  and # weyuker # and # {Bell, Robert M},
  journal=ieeetse,
  volume={31},
  number={4},
  pages={340--355},
  year={2005},
  publisher={IEEE}
}

@article{purushothaman2005toward,
  title={Toward understanding the rhetoric of small source code changes},
  author={Purushothaman, Ranjith and Perry, Dewayne E},
  journal=ieeetse,
  volume={31},
  number={6},
  pages={511--526},
  year={2005},
  publisher={IEEE}
}

@article{gourlay1983mathematical,
  title={A mathematical framework for the investigation of testing},
  author={Gourlay, John S.},
  journal=ieeetse,
  number={6},
  pages={686--709},
  year={1983},
  publisher={IEEE}
}

@inproceedings{harman2010manifesto,
  title={A manifesto for higher order mutation testing},
  author={Harman, Mark and Jia, Yue and Langdon, William B},
  booktitle=icstw,
  pages={80--89},
  year={2010},
  organization={IEEE}
}

X. Cai and M. R. Lyu. The effect of code coverage on fault detection under different testing profiles. In International Workshop on Advances in Model-Based Testing, pages 1‚Äì7, 2005
 investigated the correlation between different coverage criteria‚Äîbranch coverage, decision cover- age, P-use, and C-use‚Äîand fault detection, using a linear regression model
 Their results showed that coverage criteria were only a moderate indicator for fault detection, with large variance for different test suites.

@inproceedings{cai2005effect,
  title={The effect of code coverage on fault detection under different testing profiles},
  author={Cai, Xia and Lyu, Michael R},
  booktitle={ACM SIGSOFT Software Engineering Notes},
  volume={30},
  number={4},
  pages={1--7},
  year={2005},
  organization={ACM}
}

@article{jia2011analysis,
  title={An analysis and survey of the development of mutation testing},
  author={Jia, Yue and Harman, Mark},
  journal=ieeetse,
  volume={37},
  number={5},
  pages={649--678},
  year={2011},
  publisher={IEEE}
}

@article{gupta2008approach,
  title={An approach for experimentally evaluating effectiveness and efficiency of coverage criteria for software testing},
  author={Gupta, Atul and Jalote, Pankaj},
  journal={International Journal on Software Tools for Technology Transfer},
  volume={10},
  number={2},
  pages={145--160},
  year={2008},
  publisher={Springer}
}

@inproceedings{li2009experimental,
  title={An experimental comparison of four unit test criteria: Mutation, edge-pair, all-uses and prime path coverage},
  author={Li, Nan and Praphamontripong, Upsorn} # and # offutt,
  booktitle=icstw,
  pages={220--229},
  year={2009},
  organization={IEEE}
}

@book{fleiss2013statistical,
  title={Statistical methods for rates and proportions},
  author={Fleiss, Joseph L and Levin, Bruce and Paik, Myunghee Cho},
  year={2013},
  publisher={John Wiley \& Sons}
}


@incollection{codecoverage,
  author=gopinath,
  year={2013-09},
  title={Code Coverage and Metrics},
  booktitle={\url{http://hdl.handle.net/1902.1/22193} UNF:5:u0boYDAo3hrpukL5XZE0oQ==},
  publisher={Harward Dataverse Network V1},
}

@inproceedings{hassan2013comparing,
  title={Comparing multi-point stride coverage and dataflow coverage},
  author={Hassan, Mohammad Mahdi} # and # andrews,
  booktitle=icse,
  pages={172--181},
  year={2013},
  organization={IEEE Press}
}

@inproceedings{pacheco2007feedback,
  title={Feedback-directed random test generation},
  author={Pacheco, Carlos and Lahiri, Shuvendu K and Ernst, Michael D and Ball, Thomas},
  booktitle=icse,
  pages={75--84},
  year={2007},
  organization={IEEE}
}

@inproceedings{ball2005theory,
  title={A theory of predicate-complete test coverage and generation},
  author={Ball, Thomas},
  booktitle={Formal Methods for Components and Objects},
  pages={1--22},
  year={2005},
  organization={Springer}
}

@techreport{balltheory,
  title={A theory of predicate-complete test coverage and generation, 2004},
  author={Ball, T},
  institution={Microsoft Research Technical Report MSR-TR-2004-28}
}

@techreport{chilenski2001investigation,
  title={An investigation of three forms of the modified condition decision coverage {(MCDC)} criterion},
  author={Chilenski, John J},
  year={2001},
  institution={DTIC Document}
}

@inproceedings{hutchins1994experiments,
  title={Experiments of the effectiveness of dataflow-and controlflow-based test adequacy criteria},
  author={Hutchins, Monica and Foster, Herb and Goradia, Tarak and Ostrand, Thomas},
  booktitle=icse,
  pages={191--200},
  year={1994},
  organization={IEEE Computer Society Press}
}

@inproceedings{hassan2013comparing,
  title={Comparing multi-point stride coverage and dataflow coverage},
  author={Hassan, Mohammad Mahdi} # and # andrews,
  booktitle=icse,
  pages={172--181},
  year={2013},
  organization={IEEE Press}
}

@article{frankl1993an,
  author = frankl # and # {Stewart N. Weiss},
  title = {An Experimental Comparison of the Effectiveness of Branch
               Testing and Data Flow Testing},
  journal = ieeetse,
  volume = {19},
  year = {1993},
  pages = {774-787},
}

@article{barbosa2001toward,
  title={Toward the determination of sufficient mutant operators for C},
  author={Barbosa, Ellen Francine } # and # maldonado # and # {Vincenzi, Auri Marcelo Rizzo},
  journal=stvr,
  volume={11},
  number={2},
  pages={113--136},
  year={2001},
  publisher={Wiley Online Library}
}

@techreport{offutt1996mutation,
  title={Mutation operators for Ada},
  author=offutt # and # voas # and # {Payne, Jeff},
  year={1996},
  institution={Technical Report ISSE-TR-96-09, Information and Software Systems Engineering, George Mason University}
}

@inproceedings{ma2002inter,
  title={Inter-class mutation operators for Java},
  author={Ma, Yu-Seung and Kwon, Yong-Rae} # and # offutt,
  booktitle=issre,
  pages={352--363},
  year={2002},
  organization={IEEE}
}

@inproceedings{smith2007empirical,
  title={An empirical evaluation of the MuJava mutation operators},
  author={Smith, Ben H and Williams, Laurie},
  booktitle={Testing: Academic and Industrial Conference Practice and Research Techniques-MUTATION, 2007. TAICPART-MUTATION 2007},
  pages={193--202},
  year={2007},
  organization={IEEE}
}

@inproceedings{derezinska2006quality,
  title={Quality assessment of mutation operators dedicated for c\# programs},
  author={Derezinska, Anna},
  booktitle={Quality Software, 2006. QSIC 2006. Sixth International Conference on},
  pages={227--234},
  year={2006},
  organization={IEEE}
}

@article{ma2009statistical,
  title={Statistical investigation on class mutation operators},
  author={Ma, Yu-Seung and Kwon, Yong-Rae and Kim, Sang-Woon},
  journal={ETRI journal},
  volume={31},
  number={2},
  pages={140--150},
  year={2009}
}

@inproceedings{namin2006finding,
  title={Finding sufficient mutation operators via variable reduction},
  author=namin # and # andrews,
  booktitle=mutationworkshop,
  pages={5},
  year={2006}
}
@inproceedings{fraser2013does,
  title={Does automated white-box test generation really help software testers?},
  author={Fraser, Gordon and Staats, Matt and McMinn, Phil and Arcuri, Andrea and Padberg, Frank},
  booktitle=acmissta,
  pages={291--301},
  year={2013},
  organization={ACM}
}
@misc{pitmut,
    author = {Henry Coles},
    title = {PIT Mutation Testing: Mutators},
    howpublished = {\url{http://pitest.org/quickstart/mutators}},
    urldate = {2013-07-06}
}
@inproceedings{hamlet2006when,
  author = {Hamlet, Dick},
  title = {When Only Random Testing Will Do},
  booktitle = {Proceedings of the 1st International Workshop on Random Testing},
  series = {RT '06},
  year = {2006},
  isbn = {1-59593-457-X},
  pages = {1--9},
  publisher = {ACM},
  address = {New York, NY, USA},
  keywords = {random vs. systematic testing, testing theory},
}
@article{jia2009higher,
  author = {Jia, Yue and Harman, Mark},
  issn = {09505849},
  journal = ist,
  keywords = {higher order mutant,mutation,mutation testing,unread},
  month = oct,
  number = {10},
  pages = {1379--1393},
  publisher = {Elsevier B.V.},
  title = {{Higher Order Mutation Testing}},
  volume = {51},
  year = {2009}
}
@inproceedings{kurtz2014mutant,
  author = {Robert Kurtz} # and # ammann # and # delamaro # and # offutt # and # {Lin Deng},
  title = {Mutant Subsumption Graphs},
  booktitle = mutationworkshop,
  tag={printed},
  year = {2014}
}
@book{mathur2012foundations,
  author = mathur,
  title = {Foundations of Software Testing},
  year = {2012},
  publisher = {Addison-Wesley}
}
@article{yoo2012regression,
  author = {Yoo, S. and Harman, M.},
  title = {Regression Testing Minimization, Selection and Prioritization: A Survey},
  journal = stvr,
  volume = {22},
  number = {2},
  month = mar,
  year = {2012},
  issn = {0960-0833},
  pages = {67--120},
  publisher = {John Wiley and Sons Ltd.},
  address = {Chichester, UK},
  keywords = {regression test selection, regression testing, test case prioritization, test suite minimization},
}
@inproceedings{zhang2010isoperator,
 author = {Zhang, Lu and Hou, Shan-Shan and Hu, Jun-Jue and Xie, Tao and Mei, Hong},
 title = {Is Operator-based Mutant Selection Superior to Random Mutant Selection?},
 booktitle = icse,
 year = {2010},
 isbn = {978-1-60558-719-6},
 pages = {435--444},
 publisher = {ACM},
 address = {New York, NY, USA},
 keywords = {mutation testing, test-adequacy criterion},
}

@article{ma2005description,
  title={Description of method-level mutation operators for java},
  author={Ma, Yu-Seung} # and # offutt,
  journal={Electronics and Telecommunications Research Institute, Korea, Tech. Rep},
  year={2005}
}

@article{king1991fortran,
  title={A fortran language system for mutation-based software testing},
  author={King, Kim N} # and # offutt,
  journal={Software: Practice and Experience},
  volume={21},
  number={7},
  pages={685--718},
  year={1991},
  publisher={Wiley Online Library}
}

@inproceedings{zhang2013operator,
  title={Operator-Based and Random Mutant Selection: Better Together},
  author={Zhang,Lingming and Gligoric, Milos and Marinov, Darko  and Khurshid, Sarfraz},
  booktitle=acmase,
  year={2013},
  publisher={ACM}
}
@inproceedings{schuler2009javalanche,
  title = "Javalanche: Efficient mutation testing for Java",
  author = "David Schuler and Andreas Zeller",
  year = "2009",
  month = aug,
  booktitle = fse,
  pages = "297--298",
  ISBN = "9781605580012",
}
@inproceedings{zhang2014empirical,
  title={An Empirical Study on the Scalability of Selective Mutation Testing},
  author={Zhang, Jie and Zhu, Muyao and Hao, Dan and Zhang, Lu},
  booktitle=issre,
  year={2014},
  publisher={ACM}
}

@book{grinstead1998introduction,
  title={Introduction to probability},
  author={Grinstead, Charles Miller and Snell, James Laurie},
  year={1998},
  publisher={American Mathematical Soc.}
}

@book{codecomplete,
  Author = {Steven C. McConnell},
  Publisher = {Microsoft},
  Title = {Code Complete: A Practical Handbook of Software Construction },
  note = {ISBN:1556154844},
  pages={857},
  Year = {2004}
}

@phdthesis{wong1993mutation,
  author = wewong,
  title = {On Mutation and Data Flow},
  year = {1993},
  note = {UMI Order No. GAX94-20921},
  publisher = {Purdue University},
  school = {Purdue University},
  address = {West Lafayette, IN, USA},
}

@misc{apache,
  author = {{Apache Software Foundation}},
  title = {Apache Commons},
  howpublished={\url{http://commons.apache.org/}},
  urldate = {2015-01-14}
}
@misc{python,
  author = {{Python Software Foundation}},
  title = {Python Programming Language},
  howpublished={\url{https://www.python.org/}},
  urldate = {2015-03-09}
}
@article{zhu1997software,
  author = {Zhu, Hong and Hall, Patrick A. V. and May, John H. R.},
  title = {Software Unit Test Coverage and Adequacy},
  journal = {ACM Computer Survey},
  volume = {29},
  number = {4},
  month = dec,
  year = {1997},
  issn = {0360-0300},
  pages = {366--427},
  publisher = {ACM},
  address = {New York, NY, USA},
  keywords = {comparing testing effectiveness, fault detection, software unit test, test adequacy criteria, test coverage,  testing methods},
}
@inproceedings{namin2008sufficient,
  title={Sufficient mutation operators for measuring test effectiveness},
  author=namin # and # andrews # and # {Murdoch, Duncan J},
  booktitle=icse,
  pages={351--360},
  year={2008},
  organization={ACM}
}

@article{offutt1996compiler,
  author = offutt # and # {Craft, W Michael},
  journal = stvr,
  number = {3},
  pages = {1--26},
  title = {{Using Compiler Optimization Techniques to Detect Equivalent Mutants}},
  volume = {4},
  year = {1996}
}


@article{yao2014astudy,
  address = {New York, New York, USA},
  author = {Yao, Xiangjuan and Harman, Mark and Jia, Yue},
  doi = {10.1145/2568225.2568265},
  isbn = {9781450327565},
  journal = icse,
  pages = {919--930},
  publisher = {ACM Press},
  title = {{A study of equivalent and stubborn mutation operators using human analysis of equivalence}},
  year = {2014}
}

@article{kuhn2004software,
  title={Software fault interactions and implications for software testing},
  author={Kuhn, D Richard and Wallace, Dolores R and AM Gallo, Jr},
  journal={Software Engineering, IEEE Transactions on},
  volume={30},
  number={6},
  pages={418--421},
  year={2004},
  publisher={IEEE}
}


@techreport{demillo1978metainduction,
  author = demillo # and # acree # and # budd # and # lipton # and # sayward,
  mendeley-groups = {mutation},
  title = {{Metainduction and Progam Mutation: Realistic Software Validation (Mutation Analysis)}},
  volume = {3},
  publisher = {Georgia Institute of Technology},
  institution = {Georgia Institute of Technology},
  year = {1978}
}

@article{budd1982two,
  author=budd # and # {Angluin, Dana},
  year={1982},
  issn={0001-5903},
  journal={Acta Informatica},
  volume={18},
  number={1},
  title={Two notions of correctness and their relation to testing},
  publisher={Springer-Verlag},
  pages={31-45},
}

@article{madeyskiovercoming2014,
  author = {Lech Madeyski and Wojciech Orzeszyna and Richard Torkar and Mariusz J√≥zala},
  title = {Overcoming the Equivalent Mutant Problem: A Systematic Literature Review and a Comparative Experiment of Second  Order Mutation},
  journal = ieeetse,
  year = {2014},
  month = {January},
  volume = {40},
  number = {1},
  pages = {23--42}
}

@techreport{baldwin1979heuristics,
  title={Heuristics for Determining Equivalence of Program Mutations.},
  author={Baldwin, Douglas } # and # sayward,
  year={1979},
  institution={DTIC Document}
}

@inproceedings{Mothra,
  title={An extended overview of the Mothra software testing environment},
  author=demillo # and # {Guindi, Dana S and McCracken, WM} # and # offutt # and # {King, KN},
  booktitle=icstw,
  pages={142--151},
  year={1988},
  organization={IEEE}
}

@article{wong1995reducing,
  title = "Reducing the cost of mutation testing: An empirical study ",
  journal = "Journal of Systems and Software ",
  volume = "31",
  number = "3",
  pages = "185 - 196",
  year = "1995",
  issn = "0164-1212",
  author = wewong # and # mathur
}

@inproceedings{offutt1993experimental,
  title={An experimental evaluation of selective mutation},
  author=offutt # and # rothermel # and # zapf,
  booktitle=icse,
  pages={100--107},
  year={1993},
  organization={IEEE Computer Society Press}
}

@inproceedings{zhang2013injecting,
 author = {Zhang, Lingming and Zhang, Lu and Khurshid, Sarfraz},
 title = {Injecting Mechanical Faults to Localize Developer Faults for Evolving Software},
 booktitle = {ACM SIGPLAN International Conference on Object Oriented Programming Systems Languages \&\#38; Applications},
 series = {OOPSLA '13},
 year = {2013},
 isbn = {978-1-4503-2374-1},
 pages = {765--784},
 publisher = {ACM},
 address = {New York, NY, USA},
 keywords = {fault localization, mutation testing, regression testing, software evolution},
}

@inproceedings{nam2011calibrated,
  author = {Nam, Jaechang and Schuler, David and Zeller, Andreas},
  title = {Calibrated Mutation Testing},
  booktitle = icstw,
  year = {2011},
  isbn = {978-0-7695-4345-1},
  pages = {376--381},
  publisher = {IEEE Computer Society},
  address = {Washington, DC, USA},
  keywords = {mutation testing, version control, bug database},
}

@article{kolmogorov1933sulla,
  title={Sulla determinazione empirica di una legge di distribuzione},
  author={Kolmogorov, Andrey N},
  journal={Giornale dell‚ÄôIstituto Italiano degli Attuari},
  volume={4},
  number={1},
  pages={83--91},
  year={1933}
}
@inproceedings{mokus2000identifying,
  author={Mockus, A. and Votta, L.G.},
  booktitle=ieeeicsm,
  title={Identifying reasons for software changes using historic databases},
  year={2000},
  pages={120-130},
  ISSN={1063-6773},
}

@inproceedings{deng2013empirical,
  author={Lin Deng} # and # offutt # and # {Nan Li},
  title={Empirical Evaluation of the Statement Deletion Mutation Operator},
  booktitle={IEEE 6th ICST},
  year=2013,
  address={Luxembourg},
}
@inproceedings{delamaro2014experimental,
  author=delamaro # and # {Lin Deng and Nan Li and Vinicius Durelli} # and # offutt,
  title={Experimental Evaluation of SDL and One-Op Mutation for C},
  booktitle={IEEE 7th ICST},
  year=2014,
  address={Cleveland, Ohio, USA},
  notes={ToAppear},
}

@inproceedings{Flaky,
 author = {Luo, Qingzhou and Hariri, Farah and Eloussi, Lamyaa and Marinov, Darko},
 title = {An Empirical Analysis of Flaky Tests},
 booktitle = {Proceedings of the 22Nd ACM SIGSOFT International Symposium on Foundations of Software Engineering},
 series = {FSE 2014},
 year = {2014},
 isbn = {978-1-4503-3056-5},
 location = {Hong Kong, China},
 pages = {643--653},
 numpages = {11},
 url = {http://doi.acm.org/10.1145/2635868.2635920},
 doi = {10.1145/2635868.2635920},
 acmid = {2635920},
 publisher = {ACM},
 address = {New York, NY, USA},
 keywords = {Empirical study, flaky tests, non-determinism},
} 

@inproceedings{untch2009onreduced,
  author = untch,
  title = {On Reduced Neighborhood Mutation Analysis Using a Single Mutagenic Operator},
  booktitle = {Annual Southeast Regional Conference},
  series = {ACM-SE 47},
  year = {2009},
  isbn = {978-1-60558-421-8},
  pages = {71:1--71:4},
  publisher = {ACM},
  address = {New York, NY, USA},
  keywords = {constrained mutation, mutation analysis, reduced neighborhood mutation, software testing, sufficient mutant operators},
}

@article{duraes2006emulation,
  title={Emulation of software faults: a field data study and a practical approach},
  author={Duraes, Joao A and Madeira, Henrique S},
  journal=ieeetse,
  volume={32},
  number={11},
  pages={849--867},
  year={2006},
  publisher={IEEE}
}
duraes2006emulation tries to emulate software faults. The rely on daran1996software which states 85\% of faults were similar to mutation.
" Unfortunately, data on real software faults is not commonly available and research works using real faults are rare [2], [4], [17], [18]."
They provide their own operators called GSWIFT. Analyses 650 faults.

@inproceedings{daran1996software,
  author = {Daran, Murial and Th{\'e}venod-Fosse, Pascale},
  title = {Software Error Analysis: A Real Case Study Involving Real Faults and Mutations},
  booktitle = acmissta,
  year = {1996},
  isbn = {0-89791-787-1},
  pages = {158--171},
  publisher = {ACM},
}

@inproceedings{duraes2003definition,
  author={Duraes, J. and Madeira, H.},
  booktitle={International Conference on Dependable Systems and Networks},
  title={Definition of software fault emulation operators: a field data study},
  year={2003},
  pages={105-114},
}

@article{chillarege1996orthogonal,
  title={Orthogonal defect classification},
  author={Chillarege, Ram},
  journal={Handbook of Software Reliability Engineering},
  pages={359--399},
  year={1996},
  publisher={IEEE CS Press}
}

@inproceedings{christmansson1996generation,
  author={Christmansson, J. and Chillarege, R.},
  booktitle={Annual Symposium on Fault Tolerant Computing, 1996.},
  title={Generation of an error set that emulates software faults based on field data},
  year={1996},
  pages={304-313},
  keywords={program testing;program verification;software fault tolerance;IBM operating system;Tandem Guardian90 operating system;error categories;error set;fault injection experiments;field data;software faults;Acceleration;Analytical models;Computer errors;Data engineering;Hardware;Operating systems;Predictive models;Software engineering},
  doi={10.1109/FTCS.1996.534615},
  ISSN={0731-3071},
}

@inproceedings{christmansson1996error,
  author={Christmansson, J. and Santhanam, P.},
  booktitle=issre,
  title={Error injection aimed at fault removal in fault tolerance mechanisms-criteria for error selection using field data on software faults},
  year={1996},
  pages={175-184},
  keywords={program testing;software fault tolerance;error injection experiment;error selection;fault injection;fault removal;fault tolerance;fault tolerant systems;fault types;formal verification;software faults;system test environment;Analytical models;Application software;Computer errors;Fault detection;Fault tolerance;Fault tolerant systems;Formal verification;Operating systems;Software testing;System testing},
  doi={10.1109/ISSRE.1996.558785},
}

@article{pan2009toward,
  author = {Pan, Kai and Kim, Sunghun and Whitehead,Jr., E. James},
  title = {Toward an Understanding of Bug Fix Patterns},
  journal = {Empirical Softw. Engg.},
  volume = {14},
  number = {3},
  month = jun,
  year = {2009},
  issn = {1382-3256},
  pages = {286--315},
  publisher = {Kluwer Academic Publishers},
  address = {Hingham, MA, USA},
  keywords = {Algorithms, Bug fix changes, Categorization of software faults, Causes of software bugs, Experimentation, Measurement, Software bugs, Software error, Software fault, Software fault taxonomy},
}
@book{benso2003fault,
  title={Fault injection techniques and tools for embedded systems reliability evaluation},
  author={Benso, Alfredo and Prinetto, Paolo},
  volume={23},
  year={2003},
  publisher={Springer}
}


@article{ziade2004survey,
  title={A survey on fault injection techniques},
  author={Ziade, Haissam and Ayoubi, Rafic A and Velazco, Raoul and others},
  journal={Int. Arab J. Inf. Technol.},
  volume={1},
  number={2},
  pages={171--186},
  year={2004}
}

@misc{mydata,
  author=gopinath,
  year={2014},
  title={Mutagen Census},
  doi={http://dx.doi.org/10.7910/DVN/24329},
  publisher={Harvard Dataverse Network},
  howpublished={\url{http://dx.doi.org/10.7910/DVN/24329}},
}

@inproceedings{budd1980theoretical,
  title={Theoretical and empirical studies on using program mutation to test the functional correctness of programs},
  author=budd # and # demillo # and # lipton # and # sayward,
  booktitle=popl,
  pages={220--233},
  year={1980},
  organization={ACM}
}

@inproceedings{demillo1989test,
  author = demillo,
  title = {Completely Validated Software: Test Adequacy and Program Mutation (Panel Session)},
  booktitle = icse,
  year = {1989},
  isbn = {0-8186-1941-4},
  pages = {355--356},
  publisher = {ACM},
  address = {New York, NY, USA},
}


@article{offutt1996experimental,
  title={An experimental determination of sufficient mutant operators},
  author=offutt # and # {Lee, Ammei} # and # rothermel # and # untch # and # zapf,
  journal=tosem,
  volume={5},
  number={2},
  pages={99--118},
  year={1996},
  publisher={ACM}
}

@inproceedings{fosse1991,
  author={Thevenod-Fosse, P. and Waeselynck, H. and Crouzet, Y.},
  booktitle={Fault-Tolerant Computing, 1991. FTCS-21. Digest of Papers., Twenty-First International Symposium},
  title={An experimental study on software structural testing: deterministic versus random input generation},
  year={1991},
  month={June},
  pages={410-417},
}

@article{Kim01investigatingthe,
  author = {Sunwoo Kim and John A. Clark and John A. McDermid},
  title = {Investigating the Effectiveness of Object-Oriented Testing Strategies with the Mutation Method},
  journal = {SOFTWARE TESTING, VERIFICATION AND RELIABILITY},
  year = {2001},
  volume = {11},
  pages = {207--225}
}

@inproceedings{MemonASE2003,
  author = {Atif M. Memon and Ishan Banerjee and Adithya Nagarajan},
  title = {What Test Oracle Should {I} Use for Effective {GUI} Testing?},
  booktitle = acmase,
  pages = {164--173},
  publisher = {IEEE Computer Society},
  month = oct,
  year = {2003}
}

@inproceedings{briand2004use,
  author = briand # and # {Labiche, Y. and Wang, Y.},
  title = {Using Simulation to Empirically Investigate Test Coverage Criteria Based on Statechart},
  booktitle = icse,
  year = {2004},
  isbn = {0-7695-2163-0},
  pages = {86--95},
  publisher = {IEEE Computer Society},
  address = {Washington, DC, USA},
}

@article{andrews2003general,
  title={General test result checking with log file analysis},
  author=andrews # and # {Zhang, Yingjun},
  journal=ieeetse,
  volume={29},
  number={7},
  pages={634--648},
  year={2003},
  publisher={IEEE}
}

@inproceedings{nguyen2013testing,
  title={Testing Delegation Policy Enforcement via Mutation Analysis},
  author={Nguyen, Phu H and Papadakis, Mike and Rubab, Iram},
  booktitle=icstw,
  pages={34--42},
  year={2013},
  organization={IEEE}
}

@article{fraser2012mutation,
  title={Mutation-driven generation of unit tests and oracles},
  author={Fraser, Gordon and Zeller, Andreas},
  journal=ieeetse,
  volume={38},
  number={2},
  pages={278--292},
  year={2012},
  publisher={IEEE}
}

@inproceedings{guderlei2008benchmarking,
  title={Benchmarking testing strategies with tools from mutation analysis},
  author={Guderlei, Ralph and Just, Ren{\'e} and Schneckenburger, Christoph and Schweiggert, Franz},
  booktitle=icstw,
  pages={360--364},
  year={2008},
  organization={IEEE}
}

@inproceedings{patrick2014probability,
  author = {Patrick, Matthew and Alexander, Rob and Oriol, Manuel and Clark, John A},
  title = {Probability-Based Semantic Interpretation of Mutants},
  booktitle = {Workshop on Mutation Analysis},
  year = {2014},
  tag={printed},
  keywords = {test suite quality, coverage metrics, dynamic slicing, mutation testing},
}

@inproceedings{just2012doredundant,
  title={Do redundant mutants affect the effectiveness and efficiency of mutation analysis?},
  author={Just, Ren{\'e} and Kapfhammer, Gregory M and Schweiggert, Franz},
  booktitle=icst,
  pages={720--725},
  year={2012},
  organization={IEEE}
}

@inproceedings{just2014mutants,
  author = {Just, Ren{\'e} and Jalali, Darioush and Inozemtseva, Laura and Ernst, Michael D. and Holmes, Reid and Fraser, Gordon},
  title = {Are Mutants a Valid Substitute for Real Faults in Software Testing?},
  booktitle = fse,
  year = {2014},
  isbn = {978-1-4503-3056-5},
  address = {Hong Kong, China},
  pages = {654--665},
  publisher = {ACM},
  keywords = {Test effectiveness, code coverage, mutation analysis, real faults},
}

@misc{locdata,
    author = {Doughty-White,Pearl and Quick,Miriam},
    title = {Information is beautiful : Codebases - millions of lines of code},
    howpublished = {\url{http://www.informationisbeautiful.net/visualizations/million-lines-of-code/}},
    urldate = {2015-01-27}
}
@Inproceedings{mathur1991performance,
  author=mathur,
  booktitle={Annual International Computer Software and Applications Conference, COMPSAC},
  title={Performance, effectiveness, and reliability issues in software testing},
  year={1991},
  pages={604-605},
  doi={10.1109/CMPSAC.1991.170248},
}

@article{offutt1989thecoupling,
  annote = {Morell says that it is not clear what simple faults and complex faults are.},
  author = offutt,
  journal = acmsen,
  isbn = {0897913426},
  volume = {14},
  number = {8},
  month = nov,
  issn = {0163-5948},
  doi = {10.1145/75309.75324},
  acmid = {75324},
  publisher = {ACM},
  address = {New York, NY, USA},
  keywords = {mutation,unread},
  pages = {131--140},
  title = {{The Coupling Effect : Fact or Fiction?}},
  year = {1989}
}
@inproceedings{inozemtseva2014coverage,
  author = {Inozemtseva, Laura and Holmes, Reid},
  booktitle = icse,
  keywords = {mutation,reviewed},
  title = {{Coverage Is Not Strongly Correlated With Test Suite Effectiveness}},
  year = {2014}
}

@article{tchebichef1867,
  author={Tchebichef, P},
  year= 1867,
  title = {Des valeurs moyennes},
  journal = {Journal de math√©matiques pures et appliqu√©es},
  volume = 2,
  number = 12,
  pages = {177--184}
}


@article{wah2000atheoretical,
  author = wah,
  title = {A theoretical study of fault coupling},
  journal=stvr,
  volume = {10},
  number = {1},
  publisher = {John Wiley & Sons, Ltd.},
  issn = {1099-1689},
  pages = {3--45},
  keywords = {fault-based testing, fault coupling, single-fault (double-fault) alternate, proper (coupled) test set, coupling ratio, degeneracy       structure},
  year = {2000},
}

@article{wah2003ananalysis,
  title={An analysis of the coupling effect {I}: single test data},
  author = wah,
  journal=scp,
  volume={48},
  number={2},
  pages={119--161},
  year={2003},
  publisher={Elsevier}
}


@article{mathur1994empirical,
  title={An empirical comparison of data flow and mutation-based test adequacy criteria},
  author=mathur # and # wewong,
  journal=stvr,
  volume={4},
  number={1},
  pages={9--31},
  year={1994},
  publisher={Wiley Online Library}
}

@phdthesis{budd1980mutation,
  author = budd,
  title = {Mutation Analysis of Program Test Data},
  year = {1980},
  publisher = {Yale University},
  school = {Yale University},
  address = {New Haven, CT, USA},
}

@inproceedings{daka2014asurvey,
  author={Daka, Ermira and Fraser, Gordon},
  booktitle=issre,
  title={A Survey on Unit Testing Practices and Problems},
  year={2014},
  month={Nov},
  pages={201-211},
  ISSN={1071-9458},
}

@article{runeson2006asurvey,
  author={Runeson, P.},
  journal={Software, IEEE},
  title={A survey of unit testing practices},
  year={2006},
  month={July},
  volume={23},
  number={4},
  pages={22-29},
  ISSN={0740-7459},
}

@inproceedings{baath2014bayesian,
  title={Bayesian First Aid: A Package that Implements Bayesian Alternatives to the Classical *.test Functions in R},
  author={B{\aa}{\aa}th, Rasmus},
  booktitle={UseR! 2014 - the International R User Conference},
  year={2014}
}

@inproceedings{jia2008constructing,
  title={Constructing subtle faults using higher order mutation testing},
  author={Jia, Yue and Harman, Mark},
  booktitle={IEEE International Working Conference on Source Code Analysis and Manipulation},
  pages={249--258},
  year={2008},
  organization={IEEE}
}

@ARTICLE{madeyski2014overcoming, 
  author={Madeyski, L. and Orzeszyna, W. and Torkar, R. and Jozala, M.}, 
  journal=ieeetse, 
  title={Overcoming the Equivalent Mutant Problem: A Systematic Literature Review and a Comparative Experiment of Second Order Mutation}, 
  year={2014}, 
  month={Jan}, 
  volume={40}, 
  number={1}, 
  pages={23-42}, 
  ISSN={0098-5589}
}
@techreport{andoni03evaluating,
  author = {Alexandr Andoni and Dumitru Daniliuc and Sarfraz Khurshid and Darko Marinov},
  title = {Evaluating the Small Scope Hypothesis},
  institution = {MIT Laboratory for Computer Science},
  year = {2003}
}
@inproceedings{derezinska2014experimental,
  author = {Anna Derezinska and Konrad Halas},
  title = {Experimental Evaluation of Mutation Testing Approaches to Python Programs},
  booktitle = icstw,
  pages = {156--164},
  year = {2014},
}

@misc{pymutster,
  author = {Michael Teo},
  title = {Python Mutant Tester (PyMuTester)},
  howpublished = {\url{https://pypi.python.org/pypi/pymutester/0.1.0}},
  urldate = {2015-03-06}
} 
@article{vitter1985random,
  title={Random sampling with a reservoir},
  author={Vitter, Jeffrey S},
  journal={ACM Transactions on Mathematical Software (TOMS)},
  volume={11},
  number={1},
  pages={37--57},
  year={1985},
  publisher={ACM}
}


@techreport{hsu1992anexperimental,
  title={An experimental approach to statistical mutation-based testing},
  author={Hsu, William and Sahinoglu, Mehmet and Spafford, Eugene H},
  year={1992},
  number = {SERC-TR-63-P},
  institution={Software Engineering Research Center, Purdue University}
}

@inproceedings{papadakis2015trivial,
  author = {Mike Papadakis and Yue Jia and Mark Harman and Yves Le Traon},
  title  = {Trivial Compiler Equivalence: A Large Scale Empirical Study of a Simple, Fast and Effective Equivalent Mutant Detection Technique},
  year  = {2015},
  booktitle = icse
}

@inproceedings{ammann2014establishing,
 author = ammann # and # delamaro # and # offutt,
 title = {Establishing Theoretical Minimal Sets of Mutants},
 booktitle = icst,
 year = {2014},
 isbn = {978-1-4799-2255-0},
 pages = {21--30},
 publisher = {IEEE Computer Society},
 address = {Washington, DC, USA},
 keywords = {Mutation testing, minimal mutant sets, dynamic subsumption},
} 

@misc{xmutant,
    author = gopinath,
    title = {Bytecode based Mutation analysis for Python},
    howpublished = {\url{https://bitbucket.org/rgopinath/xmutant/}},
    urldate = {2015-03-09}
}

@techreport{marinov03anevaluation,
  author = {Darko Marinov and Alexandr Andoni and Dumitru Daniliuc and Sarfraz Khurshid and Martin Rinard},
  title = {An evaluation of exhaustive testing for data structures},
  institution = {MIT Computer Science and Artificial Intelligence Laboratory Report MIT -LCS-TR-921},
  year = {2003}
}

@misc{dataset,
    author = gopinath,
    title = {Replication data for: {How Hard Does Mutation Analysis Have To Be, Anyway?}},
    howpublished = {\url{http://eecs.osuosl.org/rahul/fse2015}},
    urldate = {2013-07-06}
}
@inproceedings{zhi2013onadequacy,
  title={On adequacy of assertions in automated test suites: An empirical investigation},
  author={Zhi, Junji and Garousi, Vahid},
  booktitle=icstw,
  pages={382--391},
  year={2013},
  organization={IEEE}
}

@inproceedings{cai2014atheory,
  author = {Cai, Yufei and Giarrusso, Paolo G. and Rendel, Tillmann and Ostermann, Klaus},
  title = {A Theory of Changes for Higher-order Languages: Incrementalizing {$\lambda$-calculi} by Static Differentiation},
  booktitle = pldi,
  year = {2014},
  isbn = {978-1-4503-2784-8},
  pages = {145--155},
  publisher = {ACM},
  address = {New York, NY, USA},
  keywords = {Agda, first-class functions, formalization, incremental computation, performance}
}


@inproceedings{shi2014balancing,
  author = {Shi, August and Gyori, Alex and Gligoric, Milos and Zaytsev, Andrey and Marinov, Darko},
  title = {Balancing Trade-offs in Test-suite Reduction},
  booktitle = fse,
  series = {FSE 2014},
  year = {2014},
  isbn = {978-1-4503-3056-5},
  pages = {246--256},
  publisher = {ACM},
  address = {New York, NY, USA},
  keywords = {Test-suite reduction, software evolution},
} 
@article{delahaye2015selecting,
  title={Selecting a software engineering tool: lessons learnt from mutation analysis},
  author={Delahaye, Micka{\"e}l and Bousquet, Lydie},
  journal={Software: Practice and Experience},
  year={2015},
  publisher={Wiley Online Library}
}

@article{offutt1996anexperimental,
  author = offutt # and # {Lee, Ammei} # and # rothermel # and # untch # and # zapf,
  title = {An Experimental Determination of Sufficient Mutant Operators},
  journal = tosem,
  volume = {5},
  number = {2},
  year = {1996},
  issn = {1049-331X},
  pages = {99--118},
  publisher = {ACM},
  address = {New York, NY, USA},
}

@techreport{gopinath2015anempirical,
  title={An Empirical Comparison of Mutant Selection Approaches},
  author=gopinath # and # alipour # and # ahmed # and # jensen # and # groce,
  institution={Oregon State University},
  url   = {http://hdl.handle.net/1957/55691},
  year={2015},
}
@article{erdogmus2005on,
  author={Erdogmus, H. and Morisio, Maurizio and Torchiano, Marco},
  journal={Software Engineering, IEEE Transactions on},
  title={On the effectiveness of the test-first approach to programming},
  year={2005},
  month={March},
  volume={31},
  number={3},
  pages={226-237},
  ISSN={0098-5589}
}

@techreport{gopinath2015are,
  title={Mutant census: An empirical examination of the competent programmer hypothesis},
  author=gopinath # and # alipour # and # ahmed # and # jensen # and # groce,
  year={2015},
  institution={Corvallis, OR: School of Electrical Engineering and Computer Science, Oregon State University}
}

@inproceedings{zhang2015assertions,
  author={Zhang, Yucheng and Mesbah, Ali},
  title={Assertions Are Strongly Correlated with Test Suite Effectiveness},
  year = {2015},
  booktitle = fse,
  publisher = {ACM},
}

@inproceedings{rothermel1999test,
  title={Test case prioritization: An empirical study},
  author=rothermel # and # untch # and # {Chu, Chengyun and Harrold, Mary Jean},
  booktitle={Software Maintenance, 1999.(ICSM'99) Proceedings. IEEE International Conference on},
  pages={179--188},
  year={1999},
  organization={IEEE}
}

@incollection{derezinska2015toward,
  title={Toward Generalization of Mutant Clustering Results in Mutation Testing},
  author={Derezi{\'n}ska, Anna},
  booktitle={Soft Computing in Computer and Information Science},
  pages={395--407},
  year={2015},
  publisher={Springer}
}
@article{langdon2010efficient,
  title={Efficient multi-objective higher order mutation testing with genetic programming},
  author={Langdon, William B and Harman, Mark and Jia, Yue},
  journal={Journal of systems and Software},
  volume={83},
  number={12},
  pages={2416--2430},
  year={2010},
  publisher={Elsevier}
}

@inproceedings{schuler2011assessing,
 author = {Schuler, David and Zeller, Andreas},
 title = {Assessing Oracle Quality with Checked Coverage},
  booktitle={IEEE 4th ICST},
 series = icst,
 year = {2011},
 isbn = {978-0-7695-4342-0},
 pages = {90--99},
 publisher = {IEEE Computer Society},
 address = {Washington, DC, USA},
} 

@book{karp1972reducibility,
  title={Reducibility among combinatorial problems},
  author={Karp, Richard M},
  year={1972},
  publisher={Springer}
}
@book{cormen2009introduction,
  title={Introduction to algorithms third edition},
  author={Cormen, Thomas H and Leiserson, Charles E and Rivest, Ronald L and Stein, Clifford},
  year={2009},
  publisher={The MIT Press}
}

@article{chvatal1979agreedy,
  title={A greedy heuristic for the set-covering problem},
  author={Chvatal, Vasek},
  journal={Mathematics of operations research},
  volume={4},
  number={3},
  pages={233--235},
  year={1979},
  publisher={INFORMS}
}

@techreport{gopinath2015does,
  author=gopinath # and # alipour # and # ahmed # and # jensen # and # groce,
  institution = {Oregon State University},
  month = {Aug},
  title = {Does Choice of Mutation Tool Matter?},
  url={http://hdl.handle.net/1957/57576},
  note={\url{http://hdl.handle.net/1957/57576}},
  year = 2015
}
@misc{ammann2015mutationkeynote,
  author=ammann,
  title = {Mutation 2015 Keynote: Transforming Mutation Testing from the Technology of the Future into the Technology of the Present},
  howpublished = {\url{https://cs.gmu.edu/~pammann/637/ppt/MutationKeynote2015.pptx}},
  urldate = {2015-11-18}
}


@inproceedings{delamaro2014designing,
  title={Designing Deletion Mutation Operators},
  author=delamaro # and # offutt # and # ammann,
  booktitle={Software Testing, Verification and Validation (ICST), 2014 IEEE Seventh International Conference on},
  pages={11--20},
  year={2014},
  organization={IEEE}
}

@inproceedings{grun2009the,
  title={The impact of equivalent mutants},
  author={Grun, Bernhard JM and Schuler, David and Zeller, Andreas},
  booktitle=icstw,
  pages={192--199},
  year={2009},
  organization={IEEE}
}

@article{feige1998a,
  title={A threshold of ln n for approximating set cover},
  author={Feige, Uriel},
  pages = {634--652},
  journal= {J. ACM},
  publisher = {ACM},
  year = {1998}
}

@inproceedings{dinur2014analytical,
  author={Dinur, Irit and Steurer, David},
  title={Analytical Approach to Parallel Repetition},
  booktitle={Proceedings of the 46th Annual ACM Symposium on Theory of Computing},
  series = {STOC '14},
  year = {2014},
  publsher = {ACM}
}

@misc{so33685,
  title = {What is the reverse of greedy algorithm for setcover?},
  author = {Anonymous (http://cstheory.stackexchange.com/users/37275/anonymous)},
  howpublIshed = {Theoretical Computer Science Stack Exchange},
  note = {url:http://cstheory.stackexchange.com/q/33685 (version: 2016-01-29)},
  eprint = {http://cstheory.stackexchange.com/q/33685},
  url = {http://cstheory.stackexchange.com/q/33685}
}

@incollection{derezinska2013aquality,
  title={A quality estimation of mutation clustering in C\# programs},
  author={Derezi{\'n}ska, Anna},
  booktitle={New Results in Dependability and Computer Systems},
  pages={119--129},
  year={2013},
  publisher={Springer}
}

@article{ma2016mutation,
  title={Mutation testing cost reduction by clustering overlapped mutants},
  author={Ma, Yu-Seung and Kim, Sang-Woon},
  journal={Journal of Systems and Software},
  volume={115},
  pages={18--30},
  year={2016},
  publisher={Elsevier}
}

@inproceedings{ji2009anovel,
  title={A Novel Method of Mutation Clustering Based on Domain Analysis.},
  author={Ji, Changbin and Chen, Zhenyu and Xu, Baowen and Zhao, Zhihong},
  booktitle={SEKE},
  pages={422--425},
  year={2009}
}



@inproceedings{kurtz2015static,
  author={Kurtz, Bob} # and # ammann # and # offutt,
  booktitle=icstw,
  title={Static analysis of mutant subsumption},
  year={2015},
  month={April},
  pages={1-10},
}

@incollection{strug2012machine,
  title={Machine learning approach in mutation testing},
  author={Strug, Joanna and Strug, Barbara},
  booktitle={Testing Software and Systems},
  pages={200--214},
  year={2012},
  publisher={Springer}
}

@misc{limitsdata,
  author=gopinath,
  title={Replication: Mutation Reduction Strategies Considered Harmful},
  howpublished={\url{http://eecs.osuosl.org/rahul/reliability2016/}}
}

@inproceedings{ammann2015keynote,
  title={Transforming Mutation Testing from the Technology of the Future into the Technology of the Present},
  author=ammann,
  booktitle=icstw,
  year={2015},
  organization={IEEE}
}

@inproceedings{lindstrom2016on,
  title={On Strong Mutation and Subsuming Mutants. IEEE Workshop on Mutation Analysis (Mutation 2016).  },
  author={Birgitta Lindstr√∂m and Andr√°s M√°rki},
  booktitle=mutationworkshop,
  year={2016}
}



@inproceedings{gopinath2015howhard,
  title={How hard does mutation analysis have to be, anyway?},
  author=gopinath # and # alipour # and # ahmed # and # jensen # and # groce,
  booktitle=issre,
  year={2015},
  organization={IEEE}
}

@article{koph2006recursive,
  author  = {Johannes Kopf and Daniel Cohen-Or and Oliver Deussen and Dani Lischinski},
  title   = {Recursive Wang Tiles for Real-Time Blue Noise},
  journal = {ACM Transactions on Graphics (Proceedings of SIGGRAPH 2006)},
  year    = {2006},
  volume  = {25},
  number  = {3},
  pages   = {509-518},
}

@article{fomel2009reproducible,
  title={Reproducible research},
  author={Fomel, Sergey and Claerbout, Jon F},
  journal={Computing in Science \& Engineering},
  volume={11},
  number={1},
  pages={5--7},
  year={2009},
  publisher={AIP Publishing}
}

@book{xie2015dynamic,
  title={Dynamic Documents with R and knitr},
  author={Xie, Yihui},
  volume={29},
  year={2015},
  publisher={CRC Press}
}

@inproceedings{siegmund2015views,
  author = {Siegmund, Janet and Siegmund, Norbert and Apel, Sven},
  title = {Views on Internal and External Validity in Empirical Software Engineering},
  booktitle = icse,
  year = {2015},
  pages = {9--19},
  publisher = {IEEE Press},
  address = {Piscataway, NJ, USA},
}

@inproceedings{mathur1993evaluation,
  title={Evaluation of the cost of alternate mutation strategies},
  author=mathur # and # wewong,
  booktitle=sbes,
  pages={320--335},
  year={1993},
  organization={Brazilian Computer Society}
}

@inproceedings{wong1994constrained,
  title={Constrained mutation in C programs},
  author=wewong # and # delamaro # and # maldonado # and # mathur,
  booktitle=sbes,
  pages={439--452},
  year={1994},
  organization={Brazilian Computer Society}
}

@inproceedings{shin2016theoretical,
  title={A Theoretical Framework for Understanding Mutation-Based Testing Methods},
  author={Shin, Donghwan and Bae, Doo-Hwan},
  booktitle=icstw,
  year={2016},
  organization={IEEE}
}

@inproceedings{gopinath2016measuring,
  title={Measuring Effectiveness of Mutant Sets},
  author=gopinath # and # alipour # and # ahmed # and # jensen # and # groce,
  booktitle=icstw,
  year={2016},
  organization={IEEE}
}

@inproceedings{lindstrom2015redundant,
  title={On Redundant Mutants and Strong Mutation},
  author={Lindstr{\"o}m, Birgitta and M{\'a}rki, Andr{\'a}s},
  year={2015},
  booktitle=icstw,
  organization={IEEE}
}
@mastersthesis{hussain2008mutation,
  title={Mutation clustering},
  author={Hussain, Shamaila},
  school={King‚Äôs College London, Strand, London},
  year={2008},
  publisher={King‚Äôs College London, Strand, London},
}

@inproceedings{zhang2014an,
  author    = {Zhang, Jie and Zhu, Muyao and Hao, Dan and Zhang, Lu},
  title     = {An Empirical Study on the Scalability of Selective Mutation Testing},
  booktitle = issre,
  pages     = {277--287},
  year      = {2014}
}

@article{gibbs2002choosing,
  title={On choosing and bounding probability metrics},
  author={Gibbs, Alison L and Su, Francis Edward},
  journal={International statistical review},
  volume={70},
  number={3},
  pages={419--435},
  year={2002},
  publisher={Wiley Online Library}
}

@inproceedings{gopinath2017the,
  title={The Theory of Composite Faults},
  author={Gopinath, Rahul and and Jensen, Carlos and Groce, Alex},
  booktitle={Software Testing, Verification and Validation (ICST), 2017 IEEE Eighth International Conference on},
  year={2017},
  organization={IEEE}
}

